@InProceedings{aaa,
  author    = {aaa},
  title     = {aaa},
  booktitle = {aaa},
  year      = {1977},
  publisher = {ACM},
  date      = {1977},
  type      = {Conference Proceedings},
}