@article{MGaMCNLO:2014hca,
	author         = "Alwall, J. and Frederix, R. and Frixione, S. and Hirschi,
	V. and Maltoni, F. and Mattelaer, O. and Shao, H. -S. and
	Stelzer, T. and Torrielli, P. and Zaro, M.",
	title          = "{The automated computation of tree-level and
	next-to-leading order differential cross sections, and
	their matching to parton shower simulations}",
	journal        = "JHEP",
	volume         = "07",
	year           = "2014",
	pages          = "079",
	doi            = "10.1007/JHEP07(2014)079",
	eprint         = "1405.0301",
	archivePrefix  = "arXiv",
	primaryClass   = "hep-ph",
	reportNumber   = "CERN-PH-TH-2014-064, CP3-14-18, LPN14-066, MCNET-14-09,
	ZU-TH-14-14",
	SLACcitation   = "%%CITATION = ARXIV:1405.0301;%%"
}

@article{Frixione:2002ik,
    author = "Frixione, Stefano and Webber, Bryan R.",
    title = "{Matching NLO QCD computations and parton shower simulations}",
    eprint = "hep-ph/0204244",
    archivePrefix = "arXiv",
    reportNumber = "CAVENDISH-HEP-02-01, LAPTH-905-02, GEF-TH-2-2002",
    doi = "10.1088/1126-6708/2002/06/029",
    journal = "JHEP",
    volume = "06",
    pages = "029",
    year = "2002"
}

@article{Pythia8:2007gs,
	author         = "Sjöstrand, Torbjörn and Ask, Stefan and Christiansen,
	Jesper R. and Corke, Richard and Desai, Nishita and Ilten,
	Philip and Mrenna, Stephen and Prestel, Stefan and
	Rasmussen, Christine O. and Skands, Peter Z.",
	title          = "{An Introduction to PYTHIA 8.2}",
	journal        = "Comput. Phys. Commun.",
	volume         = "191",
	year           = "2015",
	pages          = "159-177",
	doi            = "10.1016/j.cpc.2015.01.024",
	eprint         = "1410.3012",
	archivePrefix  = "arXiv",
	primaryClass   = "hep-ph",
	reportNumber   = "LU-TP-14-36, MCNET-14-22, CERN-PH-TH-2014-190,
	FERMILAB-PUB-14-316-CD, DESY-14-178, SLAC-PUB-16122",
	SLACcitation   = "%%CITATION = ARXIV:1410.3012;%%"
}

@article{Herwig:2015jjp,
	author         = "Bellm, Johannes and others",
	title          = "{Herwig 7.0/Herwig++ 3.0 release note}",
	journal        = "Eur. Phys. J.",
	volume         = "C76",
	year           = "2016",
	number         = "4",
	pages          = "196",
	doi            = "10.1140/epjc/s10052-016-4018-8",
	eprint         = "1512.01178",
	archivePrefix  = "arXiv",
	primaryClass   = "hep-ph",
	reportNumber   = "CERN-PH-TH-2015-289, MAN-HEP-2015-15, IFJPAN-IV-2015-13,
	HERWIG-2015-01, KA-TP-18-2015, DCPT-15-142, MCNET-15-28,
	IPPP-15-71, HERWIG-2015-01",
	SLACcitation   = "%%CITATION = ARXIV:1512.01178;%%"
}

@article{PythiaManual:2006za,
	author         = "Sjostrand, Torbjorn and Mrenna, Stephen and Skands, Peter
	Z.",
	title          = "{PYTHIA 6.4 Physics and Manual}",
	journal        = "JHEP",
	volume         = "05",
	year           = "2006",
	pages          = "026",
	doi            = "10.1088/1126-6708/2006/05/026",
	eprint         = "hep-ph/0603175",
	archivePrefix  = "arXiv",
	primaryClass   = "hep-ph",
	reportNumber   = "FERMILAB-PUB-06-052-CD-T, LU-TP-06-13",
	SLACcitation   = "%%CITATION = HEP-PH/0603175;%%"
}

@article{PowhegBox:2010xd,
	author         = "Alioli, Simone and Nason, Paolo and Oleari, Carlo and Re,
	Emanuele",
	title          = "{A general framework for implementing NLO calculations in
	shower Monte Carlo programs: the POWHEG BOX}",
	journal        = "JHEP",
	volume         = "06",
	year           = "2010",
	pages          = "043",
	doi            = "10.1007/JHEP06(2010)043",
	eprint         = "1002.2581",
	archivePrefix  = "arXiv",
	primaryClass   = "hep-ph",
	reportNumber   = "DESY-10-018, SFB-CPP-10-22, IPPP-10-11, DCPT-10-22",
	SLACcitation   = "%%CITATION = ARXIV:1002.2581;%%"
}

@article{Sherpa:2008ta,
      author         = "Gleisberg, T. and Hoeche, Stefan. and Krauss, F. and
                        Schonherr, M. and Schumann, S. and Siegert, F. and Winter,
                        J.",
      title          = "{Event generation with SHERPA 1.1}",
      journal        = "JHEP",
      volume         = "02",
      year           = "2009",
      pages          = "007",
      doi            = "10.1088/1126-6708/2009/02/007",
      eprint         = "0811.4622",
      archivePrefix  = "arXiv",
      primaryClass   = "hep-ph",
      reportNumber   = "FERMILAB-PUB-08-477-T, SLAC-PUB-13420, ZU-TH-17-08,
                        DCPT-08-138, IPPP-08-69, EDINBURGH-2008-30, MCNET-08-14",
      SLACcitation   = "%%CITATION = ARXIV:0811.4622;%%"
}

@article{Powheg1,
    author = "Frixione, Stefano and Nason, Paolo and Ridolfi, Giovanni",
    title = "{A Positive-weight next-to-leading-order Monte Carlo for heavy flavour hadroproduction}",
    eprint = "0707.3088",
    archivePrefix = "arXiv",
    primaryClass = "hep-ph",
    reportNumber = "BICOCCA-FT-07-12, GEF-TH-19-2007",
    doi = "10.1088/1126-6708/2007/09/126",
    journal = "JHEP",
    volume = "09",
    pages = "126",
    year = "2007"
}

@article{Powheg2,
    author = "Nason, Paolo",
    title = "{A New method for combining NLO QCD with shower Monte Carlo algorithms}",
    eprint = "hep-ph/0409146",
    archivePrefix = "arXiv",
    reportNumber = "BICOCCA-FT-04-11",
    doi = "10.1088/1126-6708/2004/11/040",
    journal = "JHEP",
    volume = "11",
    pages = "040",
    year = "2004"
}

@article{Catani:2001cc,
    author = "Catani, S. and Krauss, F. and Kuhn, R. and Webber, B. R.",
    title = "{QCD matrix elements + parton showers}",
    eprint = "hep-ph/0109231",
    archivePrefix = "arXiv",
    reportNumber = "CERN-TH-2000-367, CAVENDISH-HEP-00-03",
    doi = "10.1088/1126-6708/2001/11/063",
    journal = "JHEP",
    volume = "11",
    pages = "063",
    year = "2001"
}

@article{Fiaschi:2018hgm,
    author = "Fiaschi, Juri and Klasen, Michael",
    title = "{Neutralino-chargino pair production at NLO+NLL with resummation-improved parton density functions for LHC Run II}",
    eprint = "1805.11322",
    archivePrefix = "arXiv",
    primaryClass = "hep-ph",
    reportNumber = "MS-TP-18-19",
    doi = "10.1103/PhysRevD.98.055014",
    journal = "Phys. Rev. D",
    volume = "98",
    number = "5",
    pages = "055014",
    year = "2018"
}

@article{Campbell:2012dh,
    author = "Campbell, John M. and Ellis, R. Keith",
    title = "{$t \bar{t} W^{+-}$ production and decay at NLO}",
    eprint = "1204.5678",
    archivePrefix = "arXiv",
    primaryClass = "hep-ph",
    reportNumber = "FERMILAB-PUB-12-109-T",
    doi = "10.1007/JHEP07(2012)052",
    journal = "JHEP",
    volume = "07",
    pages = "052",
    year = "2012"
}

@article{Lazopoulos:2008de,
    author = "Lazopoulos, Achilleas and McElmurry, Thomas and Melnikov, Kirill and Petriello, Frank",
    title = "{Next-to-leading order QCD corrections to $t \bar{t} Z$ production at the LHC}",
    eprint = "0804.2220",
    archivePrefix = "arXiv",
    primaryClass = "hep-ph",
    reportNumber = "UH-511-1125-08",
    doi = "10.1016/j.physletb.2008.06.073",
    journal = "Phys. Lett. B",
    volume = "666",
    pages = "62--65",
    year = "2008"
}

