% This file was created with JabRef 2.10.
% Encoding: UTF-8

% ------------------------------- simplify ----------------------------

@article{Gansner00anopen,
author = {Gansner, Emden R. and North, Stephen C.},
title = {An Open Graph Visualization System and Its Applications to Software Engineering},
year = {2000},
doi = {10.5555/358668.358697},
issue_date = {Sept. 2000},
publisher = {John Wiley & Sons, Inc.},
address = {USA},
volume = {30},
number = {11},
issn = {0038-0644},
journal = {Softw. Pract. Exper.},
month = sep,
pages = {1203–1233},
numpages = {31},
keywords = {software engineering, graph visualization, open systems}
}

  



@InProceedings{neato,
author="Gansner, Emden R.
and Koren, Yehuda
and North, Stephen",
editor="Pach, J{\'a}nos",
title="Graph Drawing by Stress Majorization",
doi={10.1007/978-3-540-31843-9_25},
booktitle="Graph Drawing",
year="2005",
publisher="Springer-Verlag",
address="Berlin",
pages="239--250",
abstract="One of the most popular graph drawing methods is based on achieving graph-theoretic target distances. This method was used by Kamada and Kawai [15], who formulated it as an energy optimization problem. Their energy is known in the multidimensional scaling (MDS) community as the stress function. In this work, we show how to draw graphs by stress majorization, adapting a technique known in the MDS community for more than two decades. It appears that majorization has advantages over the technique of Kamada and Kawai in running time and stability. We also found the majorization-based optimization being essential to a few extensions to the basic energy model. These extensions can improve layout quality and computation speed in practice.",
isbn="978-3-540-31843-9"
}

@Booklet{Buttinger:2014726,
      author        = "Buttinger, William",
      title         = "{Using Event Weights to account for differences in
                       Instantaneous Luminosity and Trigger Prescale in Monte
                       Carlo and Data}",
      institution   = "CERN",
      reportNumber  = "ATL-COM-SOFT-2015-119",
      howpublished  = "{ATL-COM-SOFT-2015-119}",
      month         = "May",
      year          = "2015",
      url           = "https://cds.cern.ch/record/2014726",
}

@Article{open_is_not_enough,
author={Chen, Xiaoli
and Dallmeier-Tiessen, S{\"u}nje
and Dasler, Robin
and Feger, Sebastian
and Fokianos, Pamfilos
and Gonzalez, Jose Benito
and Hirvonsalo, Harri
and Kousidis, Dinos
and Lavasa, Artemis
and Mele, Salvatore
and Rodriguez, Diego Rodriguez
and {\v{S}}imko, Tibor
and Smith, Tim
and Trisovic, Ana
and Trzcinska, Anna
and Tsanaktsidis, Ioannis
and Zimmermann, Markus
and Cranmer, Kyle
and Heinrich, Lukas
and Watts, Gordon
and Hildreth, Michael
and Lloret Iglesias, Lara
and Lassila-Perini, Kati
and Neubert, Sebastian},
title={Open is not enough},
journal={Nature Physics},
year={2019},
month={Feb},
day={01},
volume={15},
number={2},
pages={113-119},
abstract={The solutions adopted by the high-energy physics community to foster reproducible research are examples of best practices that could be embraced more widely. This first experience suggests that reproducibility requires going beyond openness.},
issn={1745-2481},
doi={10.1038/s41567-018-0342-2},
}



% ------------------------------- simplify ----------------------------

@software{simplify,
  author = "Schanet, Eric",
  title = "{Simplify: Create and validate simplified likelihoods}",
  version = {0.1.5},
  url = {https://github.com/eschanet/simplify},
}

@software{simplified_lh_SUSY-2019-08,
  author = "Schanet, Eric",
  title = "{Simplified likelihood for SUSY-2019-08}",
  version = {0.0.1},
  url = {https://github.com/eschanet/simplify/blob/6ba1586ae009faab5e5da4f7ac29c4385a6f751f/examples/ANA-SUSY-2019-08/simplify_BkgOnly.json},
}

@software{json_patch,
  author = {Bryan, Paul C. and Nottingham, Mark},
  title = {JavaScript Object Notation (JSON) Patch},
  month = {Apr},
  year = {2013},
  version = {RFC 6902},
  url = {https://www.rfc-editor.org/rfc/rfc6902.txt},
}

@article{pyslha:2013jua,
    author = "Buckley, Andy",
    title = "{PySLHA: a Pythonic interface to SUSY Les Houches Accord data}",
    eprint = "1305.4194",
    archivePrefix = "arXiv",
    primaryClass = "hep-ph",
    reportNumber = "MCNET-13-06, GLAS-PPE-2015-02",
    doi = "10.1140/epjc/s10052-015-3638-8",
    journal = "Eur. Phys. J. C",
    volume = "75",
    number = "10",
    pages = "467",
    year = "2015"
}

@Booklet{Schanet:2758958,
      author        = "Schanet, Eric and Lorenz, Jeanette Miriam and Stark,
                       Giordon Holtsberg and Heinrich, Lukas Alexander",
      title         = "{Simplified likelihoods for searches for supersymmetry}",
      institution   = "CERN",
      reportNumber  = "ATL-COM-PHYS-2021-124",
      howpublished  = "{ATL-COM-PHYS-2021-124}",
      month         = "Mar",
      year          = "2021",
      url           = "https://cds.cern.ch/record/2758958",
}


@article{Alderweireldt:2672096,
      author        = "Alderweireldt, Sara Caroline and Vermeulen, Ambrosius
                       Thomas and Pedraza Diaz, Lucia and Resseguie, Elodie
                       Deborah and Dandoy, Jeffrey Rogers and Machado Miguens,
                       Joana and Caron, Sascha and de Jong, Paul and Chen, Shion
                       and Lipeles, Elliot and Kroll, Joe and Gottardo, Carlo
                       Alberto and Rye, Eli Baverfjord and Sandaker, Heidi",
      title         = "{Search for supersymmetry with three leptons and missing
                       transverse momentum in the final state at
                       $\sqrt{s}=13\,$TeV with the ATLAS detector, targeting
                       off-shell WZ regions. }",
      institution   = "CERN",
      number        = "ATL-COM-PHYS-2019-331",
      month         = "Apr",
      year          = "2019",
      reportNumber  = "ATL-COM-PHYS-2019-331",
      url           = "https://cds.cern.ch/record/2672096",
}

% ------------------------------- discussion ----------------------------

@Booklet{CMS-PAS-SUS-20-003,
      title         = "{Search for chargino-neutralino production in final states
                       with a Higgs boson and a W boson}",
      institution   = "CERN",
      collaboration = "CMS",
      number        = "CMS-PAS-SUS-20-003",
      year          = "2021",
      reportNumber  = "CMS-PAS-SUS-20-003",
      howpublished  = "{CMS-PAS-SUS-20-003}",
      url           = "https://cds.cern.ch/record/2758360",
}

% ------------------------------- reinterpretation ----------------------------

@Book{amari1985differential-geometrical,
 author = {Amari, Shunichi},
 title = {Differential-Geometrical Methods in Statistics},
 publisher = {Springer-Verlag},
 year = {1985},
 address = {New York, NY},
 isbn = {978-1-4612-5056-2},
 doi = {10.1007/978-1-4612-5056-2}
 }

@article{ArkaniHamed:2005px,
    author = "Arkani-Hamed, Nima and Kane, Gordon L. and Thaler, Jesse and Wang, Lian-Tao",
    title = "{Supersymmetry and the LHC inverse problem}",
    eprint = "hep-ph/0512190",
    archivePrefix = "arXiv",
    reportNumber = "HUTP-05-A0051, MCTP-05-103",
    doi = "10.1088/1126-6708/2006/08/070",
    journal = "JHEP",
    volume = "08",
    pages = "070",
    year = "2006"
}


@article{information_geometry,
    author = "Brehmer, Johann and Cranmer, Kyle and Kling, Felix and Plehn, Tilman",
    title = "{Better Higgs boson measurements through information geometry}",
    eprint = "1612.05261",
    archivePrefix = "arXiv",
    primaryClass = "hep-ph",
    doi = "10.1103/PhysRevD.95.073002",
    journal = "Phys. Rev. D",
    volume = "95",
    number = "7",
    pages = "073002",
    year = "2017"
}


@article{Arbey:2012fa,
    author = "Arbey, Alexandre and Battaglia, Marco and Mahmoudi, Farvah",
    title = "{Higgs Production in Neutralino Decays in the MSSM - The LHC and a Future $e^{+}e^-$ Collider}",
    eprint = "1212.6865",
    archivePrefix = "arXiv",
    primaryClass = "hep-ph",
    reportNumber = "CERN-PH-TH-2012-345",
    doi = "10.1140/epjc/s10052-015-3316-x",
    journal = "Eur. Phys. J. C",
    volume = "75",
    number = "3",
    pages = "108",
    year = "2015"
}


@article{yadage:2017frf,
    author = "Cranmer, Kyle and Heinrich, Lukas",
    editor = "Mount, Richard and Tull, Craig",
    title = "{Yadage and Packtivity - analysis preservation using parametrized workflows}",
    eprint = "1706.01878",
    archivePrefix = "arXiv",
    primaryClass = "physics.data-an",
    doi = "10.1088/1742-6596/898/10/102019",
    journal = "J. Phys. Conf. Ser.",
    volume = "898",
    number = "10",
    pages = "102019",
    year = "2017"
}


@article{Binet:2134524,
 author = "Binet, S and Couturier, B",
 title = "{Docker \& HEP: Containerization of applications for development, distribution and preservation}",
 journal = "J. Phys.: Conf. Ser.",
 number = "2",
 volume = "664",
 pages = "022007. 8 p",
 year = "2015",
 doi = "10.1088/1742-6596/664/2/022007",
}

@article{docker,
	author = {Merkel, Dirk},
	title = {Docker: Lightweight Linux Containers for Consistent Development and Deployment},
	year = {2014},
	issue_date = {March 2014},
	publisher = {Belltown Media},
	address = {Houston, TX},
	volume = {2014},
	number = {239},
	issn = {1075-3583},
	abstract = {Docker promises the ability to package applications and their dependencies into lightweight containers that move easily between different distros, start up quickly and are isolated from each other.},
	journal = {Linux J.},
	month = mar,
	articleno = {2},
	doi = "10.5555/2600239.2600241",
}

@misc{simpleanalysis,
  collaboration = {ATLAS},
  title = {{SimpleAnalysis: Simplified ATLAS SUSY analysis framework}},
  year = {2021},
  publisher = {GitLab},
  journal = {GitLab repository},
  howpublished = {\url{https://gitlab.cern.ch/atlas-sa/simple-analysis}},
}


@inproceedings{chard20funcx,
title = {funcX: A Federated Function Serving Fabric for Science},
DOI = {10.1145/3369583.3392683},
booktitle = {Proceedings of the 29th International Symposium on High-Performance Parallel and Distributed Computing},
publisher = {ACM},
author = {Chard, Ryan and Babuji, Yadu and Li, Zhuozhao and Skluzacek, Tyler and Woodard, Anna and Blaiszik, Ben and Foster, Ian and Chard, Kyle},
year = {2020},
month = {Jun},
    eprint = "2005.04215",
    archivePrefix = "arXiv",
    primaryClass = "cs.DC",
}

@inproceedings{Feickert:2021sua,
    author = "Feickert, Matthew and Heinrich, Lukas and Stark, Giordon and Galewsky, Ben",
    title = "{Distributed statistical inference with pyhf enabled through funcX}",
    booktitle = "{25th International Conference on Computing in High-Energy and Nuclear Physics}",
    eprint = "2103.02182",
    archivePrefix = "arXiv",
    primaryClass = "cs.DC",
    month = "3",
    year = "2021"
}


@article{Goodsell:2020ddr,
    author = "Goodsell, Mark D.",
    title = "{Implementation of the ATLAS-SUSY-2019-08 analysis in the MadAnalysis 5 framework (electroweakinos with a Higgs decay into a $b\bar b$ pair, one lepton and missing transverse energy; 139 fb$^{-1}$)}",
    doi = "10.1142/S0217732321410066",
    journal = "Mod. Phys. Lett. A",
    volume = "36",
    number = "01",
    pages = "2141006",
    year = "2021"
}

@article{Fuks:2021wpe,
    author = "Araz, Jack Y. and others",
    title = "{Proceedings of the second MadAnalysis 5 workshop on LHC recasting in Korea}",
    eprint = "2101.02245",
    archivePrefix = "arXiv",
    primaryClass = "hep-ph",
    doi = "10.1142/S0217732321020016",
    journal = "Mod. Phys. Lett. A",
    volume = "36",
    number = "01",
    pages = "2102001",
    year = "2021"
}


@article{fullLH_1Lbb ,
  doi = {10.17182/hepdata.90607.v3/r3},
  note = {doi: 10.17182/hepdata.90607.v3/r3},
  url = {https://www.hepdata.net/record/resource/1408476?view=true},
  collaboration = {ATLAS},
  language = {en},
  title = "{Full likelihood for SUSY-2019-08: 1Lbb-likelihoods-hepdata.tar.gz}",
  publisher = {HEPData},
  year = {2020}
}

@article{Waltenberger:2020ygp,
    author = "Waltenberger, Wolfgang and Lessa, Andr\'e and Kraml, Sabine",
    title = "{Artificial Proto-Modelling: Building Precursors of a Next Standard Model from Simplified Model Results}",
    eprint = "2012.12246",
    archivePrefix = "arXiv",
    primaryClass = "hep-ph",
    month = "12",
    year = "2020"
}


@article{SModelS_pyhf:2020grj,
    author = {Alguero, Ga\"el and Kraml, Sabine and Waltenberger, Wolfgang},
    title = "{A SModelS interface for pyhf likelihoods}",
    eprint = "2009.01809",
    archivePrefix = "arXiv",
    primaryClass = "hep-ph",
    month = "9",
    year = "2020"
}


@article{SModelS1:2013mwa,
    author = "Kraml, Sabine and Kulkarni, Suchita and Laa, Ursula and Lessa, Andre and Magerl, Wolfgang and Proschofsky-Spindler, Doris and Waltenberger, Wolfgang",
    title = "{SModelS: a tool for interpreting simplified-model results from the LHC and its application to supersymmetry}",
    eprint = "1312.4175",
    archivePrefix = "arXiv",
    primaryClass = "hep-ph",
    doi = "10.1140/epjc/s10052-014-2868-5",
    journal = "Eur. Phys. J. C",
    volume = "74",
    pages = "2868",
    year = "2014"
}

@article{SModelS2:2017neo,
    author = "Ambrogi, Federico and Kraml, Sabine and Kulkarni, Suchita and Laa, Ursula and Lessa, Andre and Magerl, Veronika and Sonneveld, Jory and Traub, Michael and Waltenberger, Wolfgang",
    title = "{SModelS v1.1 user manual: Improving simplified model constraints with efficiency maps}",
    eprint = "1701.06586",
    archivePrefix = "arXiv",
    primaryClass = "hep-ph",
    reportNumber = "LPSC17001, HEPHY-PUB-981-17",
    doi = "10.1016/j.cpc.2018.02.007",
    journal = "Comput. Phys. Commun.",
    volume = "227",
    pages = "72--98",
    year = "2018"
}


@article{HEPdata_1Lbb,
  doi = {10.17182/hepdata.90607.v4},
  url = {https://www.hepdata.net/record/ins1755298?version=4},
  collaboration = {ATLAS},
  title = {{HEPData record for SUSY-2019-08 analysis data}},
  publisher = {HEPData},
  year = {2021},
  note = {doi: 10.17182/hepdata.90607.v4}
}

@article{HEPData:2017ypu,
    author = "Maguire, Eamonn and Heinrich, Lukas and Watt, Graeme",
    editor = "Mount, Richard and Tull, Craig",
    title = "{HEPData: a repository for high energy physics data}",
    eprint = "1704.05473",
    archivePrefix = "arXiv",
    primaryClass = "hep-ex",
    reportNumber = "IPPP-17-31",
    doi = "10.1088/1742-6596/898/10/102006",
    journal = "J. Phys. Conf. Ser.",
    volume = "898",
    number = "10",
    pages = "102006",
    year = "2017"
}


@article{Rivet1:2010ar,
    author = "Buckley, Andy and Butterworth, Jonathan and Grellscheid, David and Hoeth, Hendrik and Lonnblad, Leif and Monk, James and Schulz, Holger and Siegert, Frank",
    title = "{Rivet user manual}",
    eprint = "1003.0694",
    archivePrefix = "arXiv",
    primaryClass = "hep-ph",
    reportNumber = "MCNET-10-03, MCnet/10/03",
    doi = "10.1016/j.cpc.2013.05.021",
    journal = "Comput. Phys. Commun.",
    volume = "184",
    pages = "2803--2819",
    year = "2013"
}


@article{Rivet2:2019stt,
    author = {Buckley, Andy and Kar, Deepak and Nordstr\"om, Karl},
    title = "{Fast simulation of detector effects in Rivet}",
    eprint = "1910.01637",
    archivePrefix = "arXiv",
    primaryClass = "hep-ph",
    reportNumber = "MCNET-19-22",
    doi = "10.21468/SciPostPhys.8.2.025",
    journal = "SciPost Phys.",
    volume = "8",
    pages = "025",
    year = "2020"
}


@article{Delphes:2009tx,
    author = "Ovyn, S. and Rouby, X. and Lemaitre, V.",
    title = "{DELPHES, a framework for fast simulation of a generic collider experiment}",
    eprint = "0903.2225",
    archivePrefix = "arXiv",
    primaryClass = "hep-ph",
    reportNumber = "CP3-09-01",
    month = "3",
    year = "2009"
}


@article{MadAnalysis:2012fm,
    author = "Conte, Eric and Fuks, Benjamin and Serret, Guillaume",
    title = "{MadAnalysis 5, A User-Friendly Framework for Collider Phenomenology}",
    eprint = "1206.1599",
    archivePrefix = "arXiv",
    primaryClass = "hep-ph",
    reportNumber = "IPHC-PHENO-06",
    doi = "10.1016/j.cpc.2012.09.009",
    journal = "Comput. Phys. Commun.",
    volume = "184",
    pages = "222--256",
    year = "2013"
}


@article{Checkmate2:2016npn,
    author = "Dercks, Daniel and Desai, Nishita and Kim, Jong Soo and Rolbiecki, Krzysztof and Tattersall, Jamie and Weber, Torsten",
    title = "{CheckMATE 2: From the model to the limit}",
    eprint = "1611.09856",
    archivePrefix = "arXiv",
    primaryClass = "hep-ph",
    reportNumber = "CTPU-16-36, CSIC-16-116, TTK-16-47",
    doi = "10.1016/j.cpc.2017.08.021",
    journal = "Comput. Phys. Commun.",
    volume = "221",
    pages = "383--418",
    year = "2017"
}


@article{Checkmate:2013wra,
    author = "Drees, Manuel and Dreiner, Herbi and Schmeier, Daniel and Tattersall, Jamie and Kim, Jong Soo",
    title = "{CheckMATE: Confronting your Favourite New Physics Model with LHC Data}",
    eprint = "1312.2591",
    archivePrefix = "arXiv",
    primaryClass = "hep-ph",
    reportNumber = "ADP-13-29-T849, IFT-UAM-CSIC-13-133, ADP-13-29-T849-IFT-UAM-CSIC-13-133",
    doi = "10.1016/j.cpc.2014.10.018",
    journal = "Comput. Phys. Commun.",
    volume = "187",
    pages = "227--265",
    year = "2015"
}


@article{RECAST_cranmer,
    author = "Cranmer, Kyle and Yavin, Itay",
    title = "{RECAST: Extending the Impact of Existing Analyses}",
    eprint = "1010.2506",
    archivePrefix = "arXiv",
    primaryClass = "hep-ex",
    doi = "10.1007/JHEP04(2011)038",
    journal = "JHEP",
    volume = "04",
    pages = "038",
    year = "2011"
}


@article{reinterpretation_workshop,
    collaboration = "{LHC Reinterpretation Forum}",
    title = "{Reinterpretation of LHC Results for New Physics: Status and Recommendations after Run 2}",
    eprint = "2003.07868",
    archivePrefix = "arXiv",
    primaryClass = "hep-ph",
    reportNumber = "CERN-LPCC-2020-001, FERMILAB-FN-1098-CMS-T, Imperial/HEP/2020/RIF/01",
    doi = "10.21468/SciPostPhys.9.2.022",
    journal = "SciPost Phys.",
    volume = "9",
    number = "2",
    pages = "022",
    year = "2020"
}

@article{analysis_preservation_atlas,
      author        = "Cranmer, Kyle and Heinrich, Lukas and Jones, Roger and
                       South, David",
      title         = "{Analysis Preservation in ATLAS}",
      institution   = "CERN",
      number        = "ATL-SOFT-PROC-2015-051. 3",
      month         = "May",
      year          = "2015",
      reportNumber  = "ATL-SOFT-PROC-2015-051",
      url           = "https://cds.cern.ch/record/2016930",
      doi           = "10.1088/1742-6596/664/3/032013",
}

% ------------------------------- results ----------------------------

@article{ATL-PHYS-PUB-2020-020,
      title         = "{SUSY July 2020 Summary Plot Update}",
      institution   = "CERN",
      collaboration = "ATLAS",
      number        = "ATL-PHYS-PUB-2020-020",
      month         = "Jul",
      year          = "2020",
      reportNumber  = "ATL-PHYS-PUB-2020-020",
      url           = "http://cds.cern.ch/record/2725258",
}

@Booklet{ATL-PHYS-PUB-2021-007,
      title         = "{SUSY March 2021 Summary Plot Update}",
      institution   = "CERN",
      collaboration = "ATLAS",
      reportNumber  = "ATL-PHYS-PUB-2021-007",
      howpublished  = "{ATL-PHYS-PUB-2021-007}",
      month         = "Mar",
      year          = "2021",
      url           = "http://cds.cern.ch/record/2758782",
}

% ------------------------------- background estimation ----------------------------

@article{blind:2003rw,
    author = "Roodman, Aaron",
    editor = "Lyons, L. and Mount, R. P. and Reitmeyer, R.",
    title = "{Blind analysis in particle physics}",
    eprint = "physics/0312102",
    archivePrefix = "arXiv",
    reportNumber = "PHYSTAT-2003-TUIT001, SLAC-PUB-10281",
    journal = "eConf",
    volume = "C030908",
    pages = "TUIT001",
    year = "2003"
}


% ------------------------------- pmssm ----------------------------

@Booklet{ATLAS-CONF-2021-015,
      title         = "{Search for long-lived charginos based on a
                       disappearing-track signature using 136 fb$^{-1}$ of $pp$
                       collisions at $\sqrt{s}$ = 13 TeV with the ATLAS detector}",
      institution   = "CERN",
      collaboration = "ATLAS",
      number        = "ATLAS-CONF-2021-015",
      month         = "Mar",
      year          = "2021",
      reportNumber  = "ATLAS-CONF-2021-015",
      howpublished  = "{ATLAS-CONF-2021-015}",
      url           = "https://cds.cern.ch/record/2759676",
}


@article{Cabrera:2016wwr,
    author = "Cabrera, Mar\'\i{}a Eugenia and Casas, J. Alberto and Delgado, Antonio and Robles, Sandra and Ruiz de Austri, Roberto",
    title = "{Naturalness of MSSM dark matter}",
    eprint = "1604.02102",
    archivePrefix = "arXiv",
    primaryClass = "hep-ph",
    reportNumber = "IFT-UAM-CSIC-16-025, FTUAM-16-9",
    doi = "10.1007/JHEP08(2016)058",
    journal = "JHEP",
    volume = "08",
    pages = "058",
    year = "2016"
}


@article{prospino_2:1999xh,
    author = "Beenakker, W. and Klasen, M. and Kramer, M. and Plehn, T. and Spira, M. and Zerwas, P. M.",
    title = "{The Production of charginos / neutralinos and sleptons at hadron colliders}",
    eprint = "hep-ph/9906298",
    archivePrefix = "arXiv",
    reportNumber = "CERN-TH-99-159, DESY-99-055, DTP-99-44, MADPH-99-1114, ANL-HEP-PR-99-71",
    doi = "10.1103/PhysRevLett.100.029901",
    journal = "Phys. Rev. Lett.",
    volume = "83",
    pages = "3780--3783",
    year = "1999",
    note = "[Erratum: Phys. Rev. Lett. 100, 029901 (2008)]"
}


@article{prospino:314229,
      author        = "Beenakker, W. and Hopker, R. and Spira, M.",
      title         = "{PROSPINO: A Program for the Production of Supersymmetric
                       Particles in Next-to-leading Order QCD}",
    eprint = "hep-ph/9611232",
    archivePrefix = "arXiv",
    primaryClass = "hep-ph",
      month         = "Nov",
      year          = "1996",
      url           = "https://cds.cern.ch/record/314229",
}


@article{softsusy:2001kg,
      author         = "Allanach, B. C.",
      title          = "{SOFTSUSY: a program for calculating supersymmetric
                        spectra}",
      journal        = "Comput. Phys. Commun.",
      volume         = "143",
      year           = "2002",
      pages          = "305-331",
      doi            = "10.1016/S0010-4655(01)00460-X",
      eprint         = "hep-ph/0104145",
      archivePrefix  = "arXiv",
      primaryClass   = "hep-ph",
      reportNumber   = "CERN-TH-2001-102",
      SLACcitation   = "%%CITATION = HEP-PH/0104145;%%"
}

@article{FeynHiggs_1:2018qog,
    author = "Bahl, H. and Hahn, T. and Heinemeyer, S. and Hollik, W. and Pa\ss{}ehr, S. and Rzehak, H. and Weiglein, G.",
    title = "{Precision calculations in the MSSM Higgs-boson sector with FeynHiggs 2.14}",
    eprint = "1811.09073",
    archivePrefix = "arXiv",
    primaryClass = "hep-ph",
    reportNumber = "DESY-18-179",
    doi = "10.1016/j.cpc.2019.107099",
    journal = "Comput. Phys. Commun.",
    volume = "249",
    pages = "107099",
    year = "2020"
}

@article{FeynHiggs_2:2013ria,
    author = "Hahn, T. and Heinemeyer, S. and Hollik, W. and Rzehak, H. and Weiglein, G.",
    title = "{High-Precision Predictions for the Light CP -Even Higgs Boson Mass of the Minimal Supersymmetric Standard Model}",
    eprint = "1312.4937",
    archivePrefix = "arXiv",
    primaryClass = "hep-ph",
    reportNumber = "DESY-13-248, FR-PHENO-2013-018, MPP-2013-317",
    doi = "10.1103/PhysRevLett.112.141801",
    journal = "Phys. Rev. Lett.",
    volume = "112",
    number = "14",
    pages = "141801",
    year = "2014"
}

@article{FeynHiggs:1998yj,
    author = "Heinemeyer, S. and Hollik, W. and Weiglein, G.",
    title = "{FeynHiggs: A Program for the calculation of the masses of the neutral CP even Higgs bosons in the MSSM}",
    eprint = "hep-ph/9812320",
    archivePrefix = "arXiv",
    reportNumber = "KA-TP-16-1998, DESY-98-193, CERN-TH-98-389",
    doi = "10.1016/S0010-4655(99)00364-1",
    journal = "Comput. Phys. Commun.",
    volume = "124",
    pages = "76--89",
    year = "2000"
}

@article{micromegas_1:2006is,
    author = "Belanger, G. and Boudjema, F. and Pukhov, A. and Semenov, A.",
    title = "{MicrOMEGAs 2.0: A Program to calculate the relic density of dark matter in a generic model}",
    eprint = "hep-ph/0607059",
    archivePrefix = "arXiv",
    reportNumber = "LAPTH-1152-06",
    doi = "10.1016/j.cpc.2006.11.008",
    journal = "Comput. Phys. Commun.",
    volume = "176",
    pages = "367--382",
    year = "2007"
}

@article{micromegas_2:2010pz,
    author = "Belanger, G. and Boudjema, F. and Pukhov, A. and Semenov, A.",
    title = "{micrOMEGAs: A Tool for dark matter studies}",
    eprint = "1005.4133",
    archivePrefix = "arXiv",
    primaryClass = "hep-ph",
    doi = "10.1393/ncc/i2010-10591-3",
    journal = "Nuovo Cim. C",
    volume = "033N2",
    pages = "111--116",
    year = "2010"
}

@article{spheno_1:2003um,
    author = "Porod, Werner",
    title = "{SPheno, a program for calculating supersymmetric spectra, SUSY particle decays and SUSY particle production at e+ e- colliders}",
    eprint = "hep-ph/0301101",
    archivePrefix = "arXiv",
    reportNumber = "ZU-TH-01-03",
    doi = "10.1016/S0010-4655(03)00222-4",
    journal = "Comput. Phys. Commun.",
    volume = "153",
    pages = "275--315",
    year = "2003"
}

@article{spheno_2:2011nf,
    author = "Porod, W. and Staub, F.",
    title = "{SPheno 3.1: Extensions including flavour, CP-phases and models beyond the MSSM}",
    eprint = "1104.1573",
    archivePrefix = "arXiv",
    primaryClass = "hep-ph",
    doi = "10.1016/j.cpc.2012.05.021",
    journal = "Comput. Phys. Commun.",
    volume = "183",
    pages = "2458--2469",
    year = "2012"
}

@article{superiso:2008tp,
    author = "Mahmoudi, F.",
    title = "{SuperIso v2.3: A Program for calculating flavor physics observables in Supersymmetry}",
    eprint = "0808.3144",
    archivePrefix = "arXiv",
    primaryClass = "hep-ph",
    doi = "10.1016/j.cpc.2009.02.017",
    journal = "Comput. Phys. Commun.",
    volume = "180",
    pages = "1579--1613",
    year = "2009"
}

@article{gm2:2015rva,
    author = {Athron, Peter and Bach, Markus and Fargnoli, Helvecio G. and Gnendiger, Christoph and Greifenhagen, Robert and Park, Jae-hyeon and Pa\ss{}ehr, Sebastian and St\"ockinger, Dominik and St\"ockinger-Kim, Hyejung and Voigt, Alexander},
    title = "{GM2Calc: Precise MSSM prediction for $(g - 2)$ of the muon}",
    eprint = "1510.08071",
    archivePrefix = "arXiv",
    primaryClass = "hep-ph",
    reportNumber = "COEPP-MN-15-10, DESY-15-193, FTUV-15-6502, IFIC-15-76",
    doi = "10.1140/epjc/s10052-015-3870-2",
    journal = "Eur. Phys. J. C",
    volume = "76",
    number = "2",
    pages = "62",
    year = "2016"
}


@article{aplanarity:2011ah,
      author         = "Chen, Chunhui",
      title          = "{New approach to identifying boosted
                        hadronically-decaying particle using jet substructure in
                        its center-of-mass frame}",
      journal        = "Phys. Rev.",
      volume         = "D85",
      year           = "2012",
      pages          = "034007",
      doi            = "10.1103/PhysRevD.85.034007",
      eprint         = "1112.2567",
      archivePrefix  = "arXiv",
      primaryClass   = "hep-ph",
      SLACcitation   = "%%CITATION = ARXIV:1112.2567;%%"
}

@article{Berger_2009,
    author = "Berger, Carola F. and Gainer, James S. and Hewett, JoAnne L. and Rizzo, Thomas G.",
    title = "{Supersymmetry Without Prejudice}",
    eprint = "0812.0980",
    archivePrefix = "arXiv",
    primaryClass = "hep-ph",
    reportNumber = "MIT-CTP-3988, SLAC-PUB-13388",
    doi = "10.1088/1126-6708/2009/02/023",
    journal = "JHEP",
    volume = "02",
    pages = "023",
    year = "2009"
}




% ------------------------------- machine learning ----------------------------

@book{deeplearning,
    title={Deep Learning},
    author={Ian Goodfellow and Yoshua Bengio and Aaron Courville},
    publisher={MIT Press},
    note={\url{http://www.deeplearningbook.org}},
    year={2016}
}

@Article{backpropagation,
author="Linnainmaa, Seppo",
title="Taylor expansion of the accumulated rounding error",
journal="BIT Numerical Mathematics",
year="1976",
month="Jun",
day="01",
volume="16",
number="2",
pages="146--160",
issn="1572-9125",
doi="10.1007/BF01931367",
url="https://doi.org/10.1007/BF01931367"
}

@misc{KerasROOTClassification,
  author = {Hartmann, Nikolai},
  title = {KerasROOTClassification},
  year = {2018},
  publisher = {GitLab},
  journal = {GitLab repository},
  howpublished = {\url{https://gitlab.physik.uni-muenchen.de/Nikolai.Hartmann/KerasROOTClassification/}},
  commit = {0a1870dbd101496e06bd585293c4a18b7908d1f1}
}

@article{low-level:2014kfa,
      author         = "Baldi, Pierre and Sadowski, Peter and Whiteson, Daniel",
      title          = "{Searching for Exotic Particles in High-Energy Physics
                        with Deep Learning}",
      journal        = "Nature Commun.",
      volume         = "5",
      year           = "2014",
      pages          = "4308",
      doi            = "10.1038/ncomms5308",
      eprint         = "1402.4735",
      archivePrefix  = "arXiv",
      primaryClass   = "hep-ph",
      SLACcitation   = "%%CITATION = ARXIV:1402.4735;%%"
}


@article{adam_optimiser:journals/corr/KingmaB14,
  author    = {Diederik P. Kingma and
               Jimmy Ba},
  title     = {Adam: {A} Method for Stochastic Optimization},
  journal   = {CoRR},
  volume    = {abs/1412.6980},
  year      = {2014},
  url       = {http://arxiv.org/abs/1412.6980},
  archivePrefix = {arXiv},
  eprint    = {1412.6980},
  timestamp = {Wed, 07 Jun 2017 14:40:52 +0200},
  biburl    = {https://dblp.org/rec/bib/journals/corr/KingmaB14},
  bibsource = {dblp computer science bibliography, https://dblp.org}
}

@misc{keras,
  title={Keras},
  author={Chollet, Fran\c{c}ois and others},
  year={2015},
  howpublished={\url{https://keras.io}},
}

@misc{tensorflow,
	title={ {TensorFlow}: Large-Scale Machine Learning on Heterogeneous Systems},
	url={https://www.tensorflow.org/},
	note={Software available from tensorflow.org},
	author={Mart\'{\i}n~Abadi and others},
	year={2015},
}
% ----------------------------- electroweak sensitivity studies ----------------------------

@article{Smith:1983aa,
    author = "Smith, J. and van Neerven, W. L. and Vermaseren, J. A. M.",
    title = "{The Transverse Mass and Width of the $W$ Boson}",
    reportNumber = "ITP-SB-83-11, NIKHEF-H/83-4",
    doi = "10.1103/PhysRevLett.50.1738",
    journal = "Phys. Rev. Lett.",
    volume = "50",
    pages = "1738",
    year = "1983"
}


@inproceedings{Baur:2003jy,
    author = "Baur, U.",
    title = "{Measuring the $W$ boson mass at hadron colliders}",
    booktitle = "{Mini-Workshop on Electroweak Precision Data and the Higgs Mass}",
    eprint = "hep-ph/0304266",
    archivePrefix = "arXiv",
    reportNumber = "UB-HET-03-03",
    month = "4",
    year = "2003"
}


@article{RooStats:2010pm,
      author         = "Moneta, Lorenzo and Belasco, Kevin and Cranmer, Kyle S.
                        and Kreiss, S. and Lazzaro, Alfio and Piparo, Danilo and
                        Schott, Gregory and Verkerke, Wouter and Wolf, Matthias",
      title          = "{The RooStats Project}",
      booktitle      = "{Proceedings, 13th International Workshop on Advanced
                        computing and analysis techniques in physics research
                        (ACAT2010): Jaipur, India, February 22-27, 2010}",
      journal        = "PoS",
      volume         = "ACAT2010",
      year           = "2010",
      pages          = "057",
      eprint         = "1009.1003",
      archivePrefix  = "arXiv",
      primaryClass   = "physics.data-an",
      SLACcitation   = "%%CITATION = ARXIV:1009.1003;%%"
}


@article{RooFit:2003ir,
    author = "Verkerke, Wouter and Kirkby, David P.",
    editor = "Lyons, L. and Karagoz, Muge",
    title = "{The RooFit toolkit for data modeling}",
    eprint = "physics/0306116",
    archivePrefix = "arXiv",
    reportNumber = "CHEP-2003-MOLT007",
    journal = "eConf",
    volume = "C0303241",
    pages = "MOLT007",
    year = "2003"
}

@article{ROOT-2,
title = {{ROOT — A C++ framework for petabyte data storage, statistical analysis and visualization}},
journal = "Computer Physics Communications",
volume = "182",
number = "6",
pages = "1384 - 1385",
year = "2011",
issn = "0010-4655",
doi = "https://doi.org/10.1016/j.cpc.2011.02.008",
author = "I. Antcheva and others",
keywords = "C++, Object-oriented, Framework, Interpreter, Data storage, Data analysis, Visualization"
}

@article{James:310399,
    author = "James, F. and Roos, M.",
    title = "{Minuit: A System for Function Minimization and Analysis of the Parameter Errors and Correlations}",
    reportNumber = "CERN-DD-75-20",
    doi = "10.1016/0010-4655(75)90039-9",
    journal = "Comput. Phys. Commun.",
    volume = "10",
    pages = "343--367",
    year = "1975",
   url           = "https://cds.cern.ch/record/310399",

}


@article{ROOT:1997pa,
      author         = "Brun, R. and Rademakers, F.",
      title          = "{ROOT: An object oriented data analysis framework}",
      booktitle      = "{New computing techniques in physics research V.
                        Proceedings, 5th International Workshop, AIHENP '96,
                        Lausanne, Switzerland, September 2-6, 1996}",
      journal        = "Nucl. Instrum. Meth.",
      volume         = "A389",
      year           = "1997",
      pages          = "81-86",
      doi            = "10.1016/S0168-9002(97)00048-X",
      SLACcitation   = "%%CITATION = NUIMA,A389,81;%%"
}


@Booklet{HistFactory:1456844,
      author        = "Cranmer, Kyle and Lewis, George and Moneta, Lorenzo and
                       Shibata, Akira and Verkerke, Wouter",
      title         = "{HistFactory: A tool for creating statistical models for
                       use with RooFit and RooStats}",
      institution   = "New York U.",
      collaboration = "ROOT",
      address       = "New York",
      number        = "CERN-OPEN-2012-016",
      month         = "Jan",
      year          = "2012",
      reportNumber  = "CERN-OPEN-2012-016",
      howpublished  = "{CERN-OPEN-2012-016}",
      url           = "http://cds.cern.ch/record/1456844",
}

@article{HistFitter:2014wma,
      author         = "{M. Baak, G. J. Besjes, D. Côte, A. Koutsman, J. Lorenz, D. Short}",
      title          = "{HistFitter software framework for statistical data
                        analysis}",
      journal        = "Eur. Phys. J.",
      volume         = "C75",
      year           = "2015",
      pages          = "153",
      doi            = "10.1140/epjc/s10052-015-3327-7",
      eprint         = "1410.1280",
      archivePrefix  = "arXiv",
      primaryClass   = "hep-ex",
      SLACcitation   = "%%CITATION = ARXIV:1410.1280;%%"
}

@article{Electroweak_reference_for_c1c1_ww:2266359,
      title         = "{Search for direct chargino pair production with W-boson
                       mediated decays in events with two leptons and missing
                       transverse momentum at $\sqrt{s} = 13$ TeV with the ATLAS
                       detector}",
      institution   = "CERN",
      collaboration = "ATLAS",
      number        = "ATLAS-CONF-2018-042",
      month         = "Jul",
      year          = "2018",
      reportNumber  = "ATLAS-CONF-2018-042",
      url           = "https://cds.cern.ch/record/2632578",
}


@article{Electroweak_reference_for_c1c1_ww_old:2266359,
	author        = "Williams, Sarah and others",
	title         = "{Search for direct chargino pair production with $W$-boson
	mediated decays in events with two leptons and missing
	transverse momentum in the final state at $\sqrt{s}=13$TeV
	with the ATLAS detector}",
	institution   = "CERN",
	number        = "ATL-COM-PHYS-2017-668",
	month         = "May",
	year          = "2017",
	reportNumber  = "ATL-COM-PHYS-2017-668",
	url           = "https://cds.cern.ch/record/2266359",
}

@article{lumi_projection:2256082,
      author        = "Chen, Xin",
      title         = "{Prospects of LHC Higgs Physics at the end of Run III}",
      institution   = "CERN",
      collaboration = "ATLAS",
      number        = "ATL-PHYS-PROC-2017-019",
      month         = "Mar",
      year          = "2017",
      reportNumber  = "ATL-PHYS-PROC-2017-019",
      url           = "https://cds.cern.ch/record/2256082",
}

@software{ahoi,
  author = {Hartmann, Nikolai},
  title = {{ahoi: a horrible optimisation instrument}},
  year = {2018},
   version = {255e74c1},
	 publisher = {GitLab},
  journal = {GitLab repository},
  howpublished = {\url{https://gitlab.com/nikoladze/ahoi}},
  commit = {255e74c1}
}

@misc{simpleanalysis,
	collaboration  = "ATLAS",
	title = {SimpleAnalysis},
	year = {2018},
	publisher = {CERN GitLab},
	journal = {CERN GitLab repository},
	howpublished = {\url{https://gitlab.cern.ch/atlas-phys-susy-wg/SimpleAnalysis}},
}

@book{ML:2010:IML:1734076,
 author = {Alpaydin, Ethem},
 title = {Introduction to Machine Learning},
 year = {2010},
 isbn = {026201243X, 9780262012430},
 edition = {2nd},
 publisher = {The MIT Press},
} 

@article{met_significance:2294922,
      title         = "{Object-based missing transverse momentum significance in
                       the ATLAS detector}",
      institution   = "CERN",
      collaboration = "ATLAS",
      number        = "ATLAS-CONF-2018-038",
      month         = "Jul",
      year          = "2018",
      reportNumber  = "ATLAS-CONF-2018-038",
      url           = "https://cds.cern.ch/record/2630948",
}


% ------------------------------- Statistical concepts ----------------------------

@article{pytorch,
title = {PyTorch: An Imperative Style, High-Performance Deep Learning Library},
author = {Paszke, Adam and Gross, Sam and Massa, Francisco and Lerer, Adam and Bradbury, James and Chanan, Gregory and Killeen, Trevor and Lin, Zeming and Gimelshein, Natalia and Antiga, Luca and Desmaison, Alban and Kopf, Andreas and Yang, Edward and DeVito, Zachary and Raison, Martin and Tejani, Alykhan and Chilamkurthy, Sasank and Steiner, Benoit and Fang, Lu and Bai, Junjie and Chintala, Soumith},
journal = {Adv. Neural Inf. Process. Syst.},
pages = {8024--8035},
volume = {32},
year = {2019},
eprint={1912.01703},
archivePrefix = "arXiv",
primaryClass={cs.LG},
publisher = {Curran Associates, Inc.},
}

@software{jax2018github,
  author = {James Bradbury and Roy Frostig and Peter Hawkins and Matthew James Johnson and Chris Leary and Dougal Maclaurin and Skye Wanderman-Milne},
  title = {{JAX}: composable transformations of {P}ython+{N}um{P}y programs},
  url = {http://github.com/google/jax},
  version = {0.1.46},
  year = {2018},
}

@Article{numpy,
 title         = {Array programming with {NumPy}},
 author        = {Charles R. Harris and K. Jarrod Millman and St{'{e}}fan J.
                 van der Walt and Ralf Gommers and Pauli Virtanen and David
                 Cournapeau and Eric Wieser and Julian Taylor and Sebastian
                 Berg and Nathaniel J. Smith and Robert Kern and Matti Picus
                 and Stephan Hoyer and Marten H. van Kerkwijk and Matthew
                 Brett and Allan Haldane and Jaime Fern{'{a}}ndez del
                 R{'{\i}}o and Mark Wiebe and Pearu Peterson and Pierre
                 G{'{e}}rard-Marchant and Kevin Sheppard and Tyler Reddy and
                 Warren Weckesser and Hameer Abbasi and Christoph Gohlke and
                 Travis E. Oliphant},
 year          = {2020},
 month         = sep,
 journal       = {Nature},
 volume        = {585},
 number        = {7825},
 pages         = {357--362},
 doi           = {10.1038/s41586-020-2649-2},
 publisher     = {Springer Science and Business Media {LLC}},
}

@misc{tensorflow2015-whitepaper,
title={ {TensorFlow}: Large-Scale Machine Learning on Heterogeneous Systems},
url={https://www.tensorflow.org/},
note={Software available from tensorflow.org},
author={
    Mart\'{\i}n~Abadi and
    Ashish~Agarwal and
    Paul~Barham and
    Eugene~Brevdo and
    Zhifeng~Chen and
    Craig~Citro and
    Greg~S.~Corrado and
    Andy~Davis and
    Jeffrey~Dean and
    Matthieu~Devin and
    Sanjay~Ghemawat and
    Ian~Goodfellow and
    Andrew~Harp and
    Geoffrey~Irving and
    Michael~Isard and
    Yangqing Jia and
    Rafal~Jozefowicz and
    Lukasz~Kaiser and
    Manjunath~Kudlur and
    Josh~Levenberg and
    Dandelion~Man\'{e} and
    Rajat~Monga and
    Sherry~Moore and
    Derek~Murray and
    Chris~Olah and
    Mike~Schuster and
    Jonathon~Shlens and
    Benoit~Steiner and
    Ilya~Sutskever and
    Kunal~Talwar and
    Paul~Tucker and
    Vincent~Vanhoucke and
    Vijay~Vasudevan and
    Fernanda~Vi\'{e}gas and
    Oriol~Vinyals and
    Pete~Warden and
    Martin~Wattenberg and
    Martin~Wicke and
    Yuan~Yu and
    Xiaoqiang~Zheng},
  year={2015},
}

@software{pyhf,
  author = {Lukas Heinrich and Matthew Feickert and Giordon Stark},
  title = "{pyhf: v0.6.0}",
  version = {0.6.0},
  doi = {10.5281/zenodo.1169739},
  url = {https://github.com/scikit-hep/pyhf},
}

@article{pyhf_joss,
  doi = {10.21105/joss.02823},
  year = {2021},
  publisher = {The Open Journal},
  volume = {6},
  number = {58},
  pages = {2823},
  author = {Lukas Heinrich and Matthew Feickert and Giordon Stark and Kyle Cranmer},
  title = {{pyhf: pure-Python implementation of HistFactory statistical models}},
  journal = {Journal of Open Source Software}
}

@article{Cowan:2010js,
	author         = "Cowan, Glen and Cranmer, Kyle and Gross, Eilam and
	Vitells, Ofer",
	title          = "{Asymptotic formulae for likelihood-based tests of new
	physics}",
	journal        = "Eur. Phys. J.",
	volume         = "C71",
	year           = "2011",
	pages          = "1554",
	doi            = "10.1140/epjc/s10052-011-1554-0,
	10.1140/epjc/s10052-013-2501-z",
	note           = "[Erratum: Eur. Phys. J. C 73, 2501 (2013)]",
	eprint         = "1007.1727",
	archivePrefix  = "arXiv",
	primaryClass   = "physics.data-an",
	SLACcitation   = "%%CITATION = ARXIV:1007.1727;%%"
}

@article{wilks1938,
author = "Wilks, S. S.",
doi = "10.1214/aoms/1177732360",
fjournal = "Annals of Mathematical Statistics",
journal = "Ann. Math. Statist.",
month = "03",
number = "1",
pages = "60--62",
publisher = "The Institute of Mathematical Statistics",
title = "The Large-Sample Distribution of the Likelihood Ratio for Testing Composite Hypotheses",
volume = "9",
year = "1938"
}

@article{wald10.2307/1990256,
 ISSN = {00029947},
 author = {Abraham Wald},
 journal = {Trans. Am. Math. Soc.},
 number = {3},
 pages = {426--482},
 publisher = {American Mathematical Society},
 title = {Tests of Statistical Hypotheses Concerning Several Parameters When the Number of Observations is Large},
 volume = {54},
 year = {1943},
 doi = {10.1090/S0002-9947-1943-0012401-3}
}



@inproceedings{Cranmer:2015nia,
    author = "Cranmer, Kyle",
    title = "{Practical Statistics for the LHC}",
    booktitle = "{2011 European School of High-Energy Physics}",
    eprint = "1503.07622",
    archivePrefix = "arXiv",
    primaryClass = "physics.data-an",
    doi = "10.5170/CERN-2014-003.267",
    pages = "267--308",
    year = "2014"
}


@article{Cowan:small,
	author = {Cowan, Glen},
	year = {2018},
	month = {08},
	pages = {},
	title = {Discovery sensitivity for a counting experiment with background uncertainty}
}

@inproceedings{Cowan:2013pha,
    author = "Cowan, Glen",
    title = "{Statistics for Searches at the LHC}",
    booktitle = "{69th Scottish Universities Summer School in Physics}: {LHC Physics}",
    eprint = "1307.2487",
    archivePrefix = "arXiv",
    primaryClass = "hep-ex",
    doi = "10.1007/978-3-319-05362-2_9",
    pages = "321--355",
    month = "7",
    year = "2013"
}

@inproceedings{Cranmer:2005hi,
    author = "Cranmer, Kyle",
    title = "{Statistical challenges for searches for new physics at the LHC}",
    booktitle = "{Statistical Problems in Particle Physics, Astrophysics and Cosmology}",
    eprint = "physics/0511028",
    archivePrefix = "arXiv",
    doi = "10.1142/9781860948985_0026",
    month = "9",
    year = "2005"
}

@article{Cranmer:1456844,
      author        = "Cranmer, Kyle and Lewis, George and Moneta, Lorenzo and
                       Shibata, Akira and Verkerke, Wouter",
      title         = "{HistFactory: A tool for creating statistical models for
                       use with RooFit and RooStats}",
      institution   = "New York U.",
      collaboration = "ROOT",
      address       = "New York",
      number        = "CERN-OPEN-2012-016",
      month         = "Jan",
      year          = "2012",
      reportNumber  = "CERN-OPEN-2012-016",
      url           = "https://cds.cern.ch/record/1456844",
}

@article{CRANMER_2006,
   title={STATISTICAL CHALLENGES FOR SEARCHES FOR NEW PHYSICS AT THE LHC},
   ISBN={9781860948985},
   url={http://dx.doi.org/10.1142/9781860948985_0026},
   DOI={10.1142/9781860948985_0026},
   journal={Statistical Problems in Particle Physics, Astrophysics and Cosmology},
   publisher={PUBLISHED BY IMPERIAL COLLEGE PRESS AND DISTRIBUTED BY WORLD SCIENTIFIC PUBLISHING CO.},
   author={CRANMER, KYLE},
   year={2006},
   month={May}
}


% ------------------------------- Object reconstruction ----------------------------

@article{Aad:2020gmm,
    collaboration = "ATLAS",
    title = "{Muon reconstruction and identification efficiency in ATLAS using the full Run 2 $pp$ collision data set at $\sqrt{s}=13$ TeV}",
    eprint = "2012.00578",
    archivePrefix = "arXiv",
    primaryClass = "hep-ex",
    reportNumber = "CERN Preprint ID: CERN-EP-2020-199",
    month = "12",
    year = "2020"
}


@article{Cornelissen:1176900,
      author        = "Cornelissen, T and Elsing, M and Gavrilenko, I and Liebig,
                       W and Moyse, E and Salzburger, A",
      title         = "{The new ATLAS track reconstruction (NEWT)}",
      journal       = "J. Phys.: Conf. Ser.",
      volume        = "119",
      pages         = "032014",
      year          = "2008",
      doi           = "10.1088/1742-6596/119/3/032014",
}

@article{Cornelissen:2008zza,
    author = "Cornelissen, Thijs G. and Elsing, M. and Gavrilenko, I. and Laporte, J. F. and Liebig, W. and Limper, M. and Nikolopoulos, K. and Poppleton, A. and Salzburger, A.",
    editor = "Sobie, Randall and Tafirout, Reda and Thomson, Jana",
    title = "{The global chi**2 track fitter in ATLAS}",
    doi = "10.1088/1742-6596/119/3/032013",
    journal = "J. Phys. Conf. Ser.",
    volume = "119",
    pages = "032013",
    year = "2008"
}

@article{Fruhwirth:178627,
    author        = {Fr\"uhwirth, R},
    title = "{Application of Kalman filtering to track and vertex fitting}",
    reportNumber = "HEPHY-PUB-87-503",
    doi = "10.1016/0168-9002(87)90887-4",
    journal = "Nucl. Instrum. Meth. A",
    volume = "262",
    pages = "444--450",
    year = "1987"
}

@article{Tovey:2008ui,
    author = "Tovey, Daniel R.",
    title = "{On measuring the masses of pair-produced semi-invisibly decaying particles at hadron colliders}",
    eprint = "0802.2879",
    archivePrefix = "arXiv",
    primaryClass = "hep-ph",
    doi = "10.1088/1126-6708/2008/04/034",
    journal = "JHEP",
    volume = "04",
    pages = "034",
    year = "2008"
}
@article{Polesello:2009rn,
    author = "Polesello, Giacomo and Tovey, Daniel R.",
    title = "{Supersymmetric particle mass measurement with the boost-corrected contransverse mass}",
    eprint = "0910.0174",
    archivePrefix = "arXiv",
    primaryClass = "hep-ph",
    doi = "10.1007/JHEP03(2010)030",
    journal = "JHEP",
    volume = "03",
    pages = "030",
    year = "2010"
}

@article{transversemass:163856,
    collaboration = "UA1",
    title = "{Further Evidence for Charged Intermediate Vector Bosons at the SPS Collider}",
    reportNumber = "CERN-EP/83-111",
    doi = "10.1016/0370-2693(83)90860-2",
    journal = "Phys. Lett. B",
    volume = "129",
    pages = "273--282",
    year = "1983"
}

@article{Arnison:1983rp,
    collaboration = "UA1",
    title = "{Experimental Observation of Isolated Large Transverse Energy Electrons with Associated Missing Energy at $\sqrt{s}= 540$ GeV}",
    reportNumber = "CERN-EP-83-13",
    doi = "10.1016/0370-2693(83)91177-2",
    journal = "Phys. Lett. B",
    volume = "122",
    pages = "103--116",
    year = "1983"
}


@article{ghostassociation:2008gn,
	author         = "Cacciari, Matteo and Salam, Gavin P. and Soyez, Gregory",
	title          = "{The Catchment Area of Jets}",
	journal        = "JHEP",
	volume         = "04",
	year           = "2008",
	pages          = "005",
	doi            = "10.1088/1126-6708/2008/04/005",
	eprint         = "0802.1188",
	archivePrefix  = "arXiv",
	primaryClass   = "hep-ph",
	reportNumber   = "LPTHE-07-02",
	SLACcitation   = "%%CITATION = ARXIV:0802.1188;%%"
}

@Booklet{overlapremoval:1700874,
   author        = "Adams, D and others",
	title         = "{Recommendations of the Physics Objects and Analysis
	Harmonisation Study Groups 2014}",
	institution   = "CERN",
	number        = "ATL-PHYS-INT-2014-018",
	month         = "Jul",
	year          = "2014",
	reportNumber  = "ATL-PHYS-INT-2014-018",
	howpublished  = "{ATL-PHYS-INT-2014-018}",
	url           = "https://cds.cern.ch/record/1743654",
}
@article{METPerformance:2018tkc,
	title          = "{Performance of missing transverse momentum
	reconstruction with the ATLAS detector using proton-proton
	collisions at $\sqrt{s}$ = 13 TeV}",
	collaboration  = "ATLAS",
	year           = "2018",
	eprint         = "1802.08168",
	archivePrefix  = "arXiv",
	primaryClass   = "hep-ex",
	reportNumber   = "CERN-EP-2017-274, CERN-EP-2017-274",
	SLACcitation   = "%%CITATION = ARXIV:1802.08168;%%"
}

@article{fastjet:2011ma,
	author         = "Cacciari, Matteo and Salam, Gavin P. and Soyez, Gregory",
	title          = "{FastJet User Manual}",
	journal        = "Eur. Phys. J.",
	volume         = "C72",
	year           = "2012",
	pages          = "1896",
	doi            = "10.1140/epjc/s10052-012-1896-2",
	eprint         = "1111.6097",
	archivePrefix  = "arXiv",
	primaryClass   = "hep-ph",
	reportNumber   = "CERN-PH-TH-2011-297",
	SLACcitation   = "%%CITATION = ARXIV:1111.6097;%%"
}

@article{Cacciari:2007fd,
    author = "Cacciari, Matteo and Salam, Gavin P.",
    title = "{Pileup subtraction using jet areas}",
    eprint = "0707.1378",
    archivePrefix = "arXiv",
    primaryClass = "hep-ph",
    reportNumber = "LPTHE-07-01",
    doi = "10.1016/j.physletb.2007.09.077",
    journal = "Phys. Lett. B",
    volume = "659",
    pages = "119--126",
    year = "2008"
}

@Booklet{Aad:2020flx,
    collaboration = "ATLAS",
    title = "{Jet energy scale and resolution measured in proton-proton collisions at $\sqrt{s}=13$ TeV with the ATLAS detector}",
    eprint = "2007.02645",
    archivePrefix = "arXiv",
    primaryClass = "hep-ex",
    reportNumber = "CERN-EP-2020-083",
    howpublished = "{CERN-EP-2020-083}",
    month = "7",
    year = "2020"
}


@article{Antikt:2008gp,
	author         = "Cacciari, Matteo and Salam, Gavin P. and Soyez, Gregory",
	title          = "{The Anti-k(t) jet clustering algorithm}",
	journal        = "JHEP",
	volume         = "04",
	year           = "2008",
	pages          = "063",
	doi            = "10.1088/1126-6708/2008/04/063",
	eprint         = "0802.1189",
	archivePrefix  = "arXiv",
	primaryClass   = "hep-ph",
	reportNumber   = "LPTHE-07-03",
	SLACcitation   = "%%CITATION = ARXIV:0802.1189;%%"
}

@article{JetCellClustering:2016upy,
	title          = "{Topological cell clustering in the ATLAS calorimeters
	and its performance in LHC Run 1}",
	collaboration  = "ATLAS",
	journal        = "Eur. Phys. J.",
	volume         = "C77",
	year           = "2017",
	pages          = "490",
	doi            = "10.1140/epjc/s10052-017-5004-5",
	eprint         = "1603.02934",
	archivePrefix  = "arXiv",
	primaryClass   = "hep-ex",
	reportNumber   = "CERN-PH-EP-2015-304",
	SLACcitation   = "%%CITATION = ARXIV:1603.02934;%%"
}

@article{MuoReco:2016jkr,
	title          = "{Muon reconstruction performance of the ATLAS detector in
	proton–proton collision data at $\sqrt{s}$ =13 TeV}",
	collaboration  = "ATLAS",
	journal        = "Eur. Phys. J.",
	volume         = "C76",
	year           = "2016",
	number         = "5",
	pages          = "292",
	doi            = "10.1140/epjc/s10052-016-4120-y",
	eprint         = "1603.05598",
	archivePrefix  = "arXiv",
	primaryClass   = "hep-ex",
	reportNumber   = "CERN-EP-2016-033",
	SLACcitation   = "%%CITATION = ARXIV:1603.05598;%%"
}


@article{EleId:2014nim,
	title          = "{Electron and photon energy calibration with the ATLAS
	detector using LHC Run 1 data}",
	collaboration  = "ATLAS",
	journal        = "Eur. Phys. J.",
	volume         = "C74",
	year           = "2014",
	number         = "10",
	pages          = "3071",
	doi            = "10.1140/epjc/s10052-014-3071-4",
	eprint         = "1407.5063",
	archivePrefix  = "arXiv",
	primaryClass   = "hep-ex",
	reportNumber   = "CERN-PH-EP-2014-153",
	SLACcitation   = "%%CITATION = ARXIV:1407.5063;%%"
}
@article{EleReco,
	collaboration = "ATLAS",
	title         = "{Electron identification measurements in ATLAS using
	$\sqrt{s}$ = 13 TeV data with 50 ns bunch spacing}",
	institution   = "CERN",
	number        = "ATL-PHYS-PUB-2015-041",
	month         = "Sep",
	year          = "2015",
	reportNumber  = "ATL-PHYS-PUB-2015-041",
	url           = "https://cds.cern.ch/record/2048202",
}

@article{JetCleaning:2015ofz,
	  collaboration = "ATLAS",
      title         = "{Selection of jets produced in 13TeV proton-proton
                       collisions with the ATLAS detector}",
      institution   = "CERN",
      number        = "ATLAS-CONF-2015-029",
      month         = "Jul",
      year          = "2015",
      reportNumber  = "ATLAS-CONF-2015-029",
      url           = "https://cds.cern.ch/record/2037702",
}

% ------------------------------- DATA MONTE CARLO --------------------------


@inproceedings{Seymour:2013ega,
      author         = "Seymour, Michael H. and Marx, Marilyn",
      title          = "{Monte Carlo Event Generators}",
      booktitle      = "{Proceedings, 69th Scottish Universities Summer School in
                        Physics : LHC Phenomenology (SUSSP69): St.Andrews,
                        Scotland, August 19-September 1, 2012}",
      url            = "https://inspirehep.net/record/1229804/files/arXiv:1304.6677.pdf",
      year           = "2013",
      pages          = "287-319",
      doi            = "10.1007/978-3-319-05362-2_8",
      eprint         = "1304.6677",
      archivePrefix  = "arXiv",
      primaryClass   = "hep-ph",
      reportNumber   = "MCNET-13-05",
      SLACcitation   = "%%CITATION = ARXIV:1304.6677;%%"
}

@article{geant:2002hh,
      title          = "{GEANT4: A Simulation toolkit}",
      collaboration  = "GEANT4",
      journal        = "Nucl. Instrum. Meth.",
      volume         = "A506",
      year           = "2003",
      pages          = "250-303",
      doi            = "10.1016/S0168-9002(03)01368-8",
      reportNumber   = "SLAC-PUB-9350, FERMILAB-PUB-03-339",
      SLACcitation   = "%%CITATION = NUIMA,A506,250;%%"
}

@article{atlfast:2010ah,
      title          = "{The ATLAS Simulation Infrastructure}",
      collaboration  = "ATLAS",
      journal        = "Eur. Phys. J.",
      volume         = "C70",
      year           = "2010",
      pages          = "823-874",
      doi            = "10.1140/epjc/s10052-010-1429-9",
      eprint         = "1005.4568",
      archivePrefix  = "arXiv",
      primaryClass   = "physics.ins-det",
      SLACcitation   = "%%CITATION = ARXIV:1005.4568;%%"
}

@article{MCintro:2,
	author         = "Weinzierl, Stefan",
	title          = "{Introduction to Monte Carlo methods}",
	year           = "2000",
	eprint         = "hep-ph/0006269",
	archivePrefix  = "arXiv",
	primaryClass   = "hep-ph",
	reportNumber   = "NIKHEF-00-012",
	SLACcitation   = "%%CITATION = HEP-PH/0006269;%%"
}

@article{MCintro:1,
	author         = "Katzgraber, Helmut",
	title          = "{Introduction to Monte Carlo methods}",
	year           = "2011",
	eprint         = "0905.1629",
	archivePrefix  = "arXiv",
	primaryClass   = "cond-mat.stat-mech",
}

@article{Aad:2019aic,
    collaboration = "ATLAS",
    title = "{ATLAS $b$-jet identification performance and efficiency measurement with $t{\bar{t}}$ events in $pp$ collisions at $\sqrt{s}=13$ TeV}",
    eprint = "1907.05120",
    archivePrefix = "arXiv",
    primaryClass = "hep-ex",
    reportNumber = "CERN-EP-2019-132",
    doi = "10.1140/epjc/s10052-019-7450-8",
    journal = "Eur. Phys. J. C",
    volume = "79",
    number = "11",
    pages = "970",
    year = "2019"
}


% ------------------------------- EXPERIMENT --------------------------------

@Booklet{Bajko:1168025,
      author        = "Bajko, M and Bertinelli, F and Catalan-Lasheras, N and
                       Claudet, S and Cruikshank, P and Dahlerup-Petersen, K and
                       Denz, R and Fessia, P and Garion, C and Jimenez, JM and
                       Kirby, G and Lebrun, Ph and Le Naour, S and Mess, K-H and
                       Modena, M and Montabonnet, V and Nunes, R and Parma, V and
                       Perin, A and de Rijk, G and Rijllart, A and Rossi, L and
                       Schmidt, R and Siemko, A and Strubin, P and Tavian, L and
                       Thiesen, H and Tock, J and Todesco, E and Veness, R and
                       Verweij, A and Walckiers, L and Van Weelderen, R and Wolf,
                       R and Fehér, S and Flora, R and Koratzinos, M and Limon, P
                       and Strait, J",
      title         = "{Report of the Task Force on the Incident of 19th
                       September 2008 at the LHC}",
      institution   = "CERN",
      reportNumber  = "CERN-LHC-PROJECT-Report-1168",
      howpublished  = "{CERN-LHC-PROJECT-Report-1168}",
      month         = "Mar",
      year          = "2009",
      url           = "https://cds.cern.ch/record/1168025",
}



@article{Aad:2020wji,
    collaboration = "ATLAS",
    title = "{Operation of the ATLAS trigger system in Run 2}",
    eprint = "2007.12539",
    archivePrefix = "arXiv",
    primaryClass = "physics.ins-det",
    reportNumber = "CERN-EP-2020-109",
    doi = "10.1088/1748-0221/15/10/P10004",
    journal = "JINST",
    volume = "15",
    number = "10",
    pages = "P10004",
    year = "2020"
}


@article{YENNIE1961379,
title = {The infrared divergence phenomena and high-energy processes},
    journal = "Ann. Phys.",
volume = {13},
number = {3},
pages = {379-452},
year = {1961},
issn = {0003-4916},
doi = {https://doi.org/10.1016/0003-4916(61)90151-8},
author = {D.R Yennie and S.C Frautschi and H Suura},
abstract = {A general treatment of the infrared divergence problem in quantum electrodynamics is given. The main feature of this treatment is the separation of the infrared divergences as multiplicative factors, which are treated to all order of perturbation theory, and the conversion of the residual perturbation expansion into one which has no infrared divergence, and hence no need for an infrared cutoff. In the infrared factors, which are exponential in form, the infrared divergences arising from the real and virtual photons cancel out in the usual way. These factors can then be expressed solely in terms of the momenta of the initial and final charged particles and an integral over the region of phase space available to the undetected photons; they do not depend upon the specific details of the interaction. Electron scattering from a static potential is treated in considerable detail, and several other examples are discussed briefly. As an important byproduct of the general treatment, it is found that when the infrared contributions are separated in a particular way, they dominate the radiative corrections at high energies and together with certain “magnetic terms” and vacuum polarization corrections seem to give all the contributions proportional to ln (Em). All of these corrections can be easily estimated (in most cases) simply from a knowledge of the external momenta of the charged particles; this then provides a very powerful and accurate way of estimating radiative corrections to high-energy processes.}
}

@article{linac4:2736208,
      author        = "Vretenar, Maurizio and Vollaire, J and Scrivens, R and
                       Rossi, C and Roncarolo, F and Ramberger, S and Raich, U and
                       Puccio, B and Nisbet, D and Mompo, R and Mathot, S and
                       Martin, C and Lopez-Hernandez, L  A and Lombardi, A and
                       Lettry, J and Lallement, J B and Kozsar, I and Hansen, J
                       and Gerigk, F and Funken, A and Fuchs, J F and Dos Santos,
                       N and Calviani, M and Buzio, M and Brunner, O and Body, Y
                       and Baudrenghien, P and Bauche, J and Zickler, T",
      title         = "{Linac4 design report}",
      publisher     = "CERN",
      volume        = "6",
      journal        = "CERN Yellow Reports: Monographs",
      year          = "2020",
      url           = "https://cds.cern.ch/record/2736208",
      doi           = "10.23731/CYRM-2020-006",
}


@inproceedings{blewett1971proceedings,
      author        = "Blewett, John Pauls",
      title         = "{200-GeV intersecting storage accelerators}",
    booktitle = "{Proceedings, 8th International Conference on High-Energy Accelerators, HEACC 1971}: {CERN, Geneva, Switzerland, September 20\textendash{}24, 1971}",
      publisher     = "CERN",
      year          = "1971",
      url           = "https://cds.cern.ch/record/1068131",
      }


@book{CERN:2723123,
      author        = "CERN",
      title         = "{CERN Annual report 2019}",
      institution   = "CERN",
      series        = "Annu. Rep. Eur. Org. Nucl. Res.",
      year          = "2020",
      url           = "https://cds.cern.ch/record/2723123",
      doi           = "10.17181/AnnualReport2019",
}

@article{Pastore:2016szk,
      author         = "Pastore, F.",
      title          = "{ATLAS Run-2 status and performance}",
      booktitle      = "{Proceedings, 18th High-Energy Physics International
                        Conference in Quantum Chromodynamics (QCD 15):
                        Montpellier, France, June 29-July 03, 2015}",
      collaboration  = "ATLAS",
      journal        = "Nucl. Part. Phys. Proc.",
      volume         = "270-272",
      year           = "2016",
      pages          = "3-7",
      doi            = "10.1016/j.nuclphysbps.2016.02.002",
      reportNumber   = "ATL-GEN-PROC-2015-001",
      SLACcitation   = "%%CITATION = ATL-GEN-PROC-2015-001;%%"
}


@article{Capeans:1291633,
      title         = "{ATLAS Insertable B-Layer Technical Design Report}",
      collaboration = "ATLAS",
      number        = "CERN-LHCC-2010-013. ATLAS-TDR-19",
      month         = "Sep",
      year          = "2010",
      report		= "CERN-LHCC-2010-013",
      reportNumber  = "CERN-LHCC-2010-013",
      url           = "http://cds.cern.ch/record/1291633",
}


@Booklet{ATLAS:1999uwa,
      title         = "{ATLAS detector and physics performance: Technical Design
                       Report, 1}",
      publisher     = "CERN",
      collaboration = "ATLAS",
      series        = "Technical design report. ATLAS",
      howpublished = "{ATLAS-TDR-14}",
      year          = "1999",
      url           = "https://cds.cern.ch/record/391176",
}

@Booklet{ATLAS:1999vwa,
      title         = "{ATLAS detector and physics performance: Technical Design
                       Report, 2}",
      publisher     = "CERN",
      collaboration = "ATLAS",
      series        = "Technical design report. ATLAS",
      howpublished = "{ATLAS-TDR-15}",
      year          = "1999",
      url           = "https://cds.cern.ch/record/391177",
}



@article{pdg2018,
    author = {{Particle Data Group}},
      title          = "{Review of Particle Physics}",
      collaboration  = "Particle Data Group",
      journal        = "Phys. Rev.",
      volume         = "D98",
      year           = "2018",
      pages          = "030001",
      url			 = "http://pdg.lbl.gov"
}

@article{Evans:1129806,
    author = "Evans, Lyndon and Bryant, Philip",
    title = "{LHC Machine}",
    doi = "10.1088/1748-0221/3/08/S08001",
    journal = "JINST",
    volume = "3",
    pages = "S08001",
    year = "2008"
}

@article{Aad:2008zzm,
	title          = "{The ATLAS Experiment at the CERN Large Hadron Collider}",
	collaboration  = "ATLAS",
	journal        = "JINST",
	volume         = "3",
	year           = "2008",
	pages          = "S08003",
	doi            = "10.1088/1748-0221/3/08/S08003",
	SLACcitation   = "%%CITATION = JINST,3,S08003;%%"
}

@article{Chatrchyan:2008aa,
    collaboration = "CMS",
    title = "{The CMS Experiment at the CERN LHC}",
    doi = "10.1088/1748-0221/3/08/S08004",
    journal = "JINST",
    volume = "3",
    pages = "S08004",
    year = "2008"
}

@article{Anelli:2008zza,
    collaboration = "TOTEM",
    title = "{The TOTEM experiment at the CERN Large Hadron Collider}",
    doi = "10.1088/1748-0221/3/08/S08007",
    journal = "JINST",
    volume = "3",
    pages = "S08007",
    year = "2008"
}


@article{Aamodt:2008zz,
    collaboration = "ALICE",
    title = "{The ALICE experiment at the CERN LHC}",
    doi = "10.1088/1748-0221/3/08/S08002",
    journal = "JINST",
    volume = "3",
    pages = "S08002",
    year = "2008"
}

@article{Alves:2008zz,
    collaboration = "LHCb",
    title = "{The LHCb Detector at the LHC}",
    doi = "10.1088/1748-0221/3/08/S08005",
    journal = "JINST",
    volume = "3",
    pages = "S08005",
    year = "2008"
}

@Booklet{Pinfold:2009oia,
      title         = "{Technical Design Report of the MoEDAL Experiment}",
      collaboration = "MoEDAL",
      reportNumber  = "CERN-LHCC-2009-006, MoEDAL-TDR-001",
      month         = "Jun",
      year          = "2009",
      howpublished = "{MoEDAL-TDR-001}",
      url           = "https://cds.cern.ch/record/1181486",
}



@Booklet{Adriani:2006jd,
      title         = "{LHCf experiment: Technical Design Report}",
      publisher     = "CERN",
      collaboration = "LHCf",
      series        = "Technical design report. LHCf",
      year          = "2006",
      howpublished = "{LHCF-TDR-001}",
      url           = "https://cds.cern.ch/record/926196",
}


@article{Scrivens:1382102,
    author = "Lettry, J. and Scrivens, R. and Kronberger, M. and Kuchler, D. and Midttun, O. and Paoluzzi, M. M. and Pereira, H. and Schmitzer, C.",
    editor = "Petit-Jean-Genaz, Christine",
    title = "{Overview of the Status and Developments on Primary Ion Sources at CERN}",
    reportNumber = "IPAC-2011-THPS025, CERN-ATS-2011-172",
    journal = "Conf. Proc. C",
    volume = "110904",
    pages = "3474--3476",
    year = "2011"
    url = "https://cds.cern.ch/record/1382102",
}

@article{Martinez:2016udm,
	author         = "Martínez, A. Ruiz",
	title          = "{The Run-2 ATLAS Trigger System}",
	booktitle      = "{Proceedings, 17th International Workshop on Advanced
	Computing and Analysis Techniques in Physics Research
	(ACAT 2016): Valparaiso, Chile, January 18-22, 2016}",
	collaboration  = "ATLAS",
	journal        = "J. Phys. Conf. Ser.",
	volume         = "762",
	year           = "2016",
	number         = "1",
	pages          = "012003",
	doi            = "10.1088/1742-6596/762/1/012003",
	reportNumber   = "ATL-DAQ-PROC-2016-003",
	SLACcitation   = "%%CITATION = 00462,762,012003;%%"
}

@article{Bruning:782076,
      author        = "Bruning, Oliver Sim and Collier, Paul and Lebrun, P and
                       Myers, Stephen and Ostojic, Ranko and Poole, John and
                       Proudlock, Paul",
      title         = "{LHC Design Report}",
      publisher     = "CERN",
      journal        = "CERN Yellow Reports: Monographs",
      year          = "2004",
      url           = "https://cds.cern.ch/record/782076",
      doi           = "10.5170/CERN-2004-003-V-1",
}

@article{Aaboud:2016hhf,
    collaboration = "ATLAS",
    title = "{Luminosity determination in $pp$ collisions at $\sqrt{s}$ = 8 TeV using the ATLAS detector at the LHC}",
    eprint = "1608.03953",
    archivePrefix = "arXiv",
    primaryClass = "hep-ex",
    reportNumber = "CERN-EP-2016-117",
    doi = "10.1140/epjc/s10052-016-4466-1",
    journal = "Eur. Phys. J. C",
    volume = "76",
    number = "12",
    pages = "653",
    year = "2016"
}

@article{Aad:1517411,
      title         = "{Improved luminosity determination in $pp$ collisions at
                       $\sqrt{s}$ = 7 TeV using the ATLAS detector at the LHC.}",
      journal       = "Eur. Phys. J. C",
      collaboration = "ATLAS",
      number        = "CERN-PH-EP-2013-026",
      volume        = "73",
      pages         = "2518. 27 p",
      month         = "Feb",
      year          = "2013",
      doi           = "10.1140/epjc/s10052-013-2518-3",
}

@article{Aad:2011dr,
    collaboration = "ATLAS",
    title = "{Luminosity Determination in $pp$ Collisions at $\sqrt{s}=7$ TeV Using the ATLAS Detector at the LHC}",
    eprint = "1101.2185",
    archivePrefix = "arXiv",
    primaryClass = "hep-ex",
    reportNumber = "CERN-PH-EP-2010-069",
    doi = "10.1140/epjc/s10052-011-1630-5",
    journal = "Eur. Phys. J. C",
    volume = "71",
    pages = "1630",
    year = "2011"
}


@Booklet{ATLAS-CONF-2019-021,
      title         = "{Luminosity determination in $pp$ collisions at
                       $\sqrt{s}=13$ TeV using the ATLAS detector at the LHC}",
      institution   = "CERN",
      collaboration = "ATLAS",
      number        = "ATLAS-CONF-2019-021",
      month         = "Jun",
      year          = "2019",
      reportNumber  = "ATLAS-CONF-2019-021",
      howpublished  = "{ATLAS-CONF-2019-021}",
      url           = "https://cds.cern.ch/record/2677054",
}


@book{Apollinari:2284929,
    author = {Apollinari, G and B\'ejar Alonso, I and Br\"uning, O and Lamont, M and Rossi, L},
      title         = "{High-Luminosity Large Hadron Collider (HL-LHC): Technical
                       Design Report V. 0.1}",
      publisher     = "CERN",
      series        = "CERN Yellow Reports: Monographs",
      year          = "2017",
      url           = "https://cds.cern.ch/record/2284929",
      doi           = "10.23731/CYRM-2017-004",
}

@article{Marshall:2014mza,
    author = "Marshall, Zachary",
    editor = "Groep, D.L. and Bonacorsi, D.",
    collaboration = "ATLAS",
    title = "{Simulation of Pile-up in the ATLAS Experiment}",
    doi = "10.1088/1742-6596/513/2/022024",
    journal = "J. Phys. Conf. Ser.",
    volume = "513",
    pages = "022024",
    year = "2014"
}

@article{Avoni_2018,
	author = {G. Avoni and M. Bruschi and G. Cabras and D. Caforio and N. Dehghanian and A. Floderus and B. Giacobbe and F. Giannuzzi and F. Giorgi and P. Grafström and V. Hedberg and F. Lasagni Manghi and S. Meneghini and J. Pinfold and E. Richards and C. Sbarra and N. Semprini Cesari and A. Sbrizzi and R. Soluk and G. Ucchielli and S. Valentinetti and O. Viazlo and M. Villa and C. Vittori and R. Vuillermet and A. Zoccoli},
    title = "{The new LUCID-2 detector for luminosity measurement and monitoring in ATLAS}",
    doi = "10.1088/1748-0221/13/07/P07017",
    journal = "JINST",
    volume = "13",
    number = "07",
    pages = "P07017",
    year = "2018"
}


@Booklet{vanderMeer:296752,
      author        = "van der Meer, S",
      title         = "{Calibration of the effective beam height in the ISR}",
      institution   = "CERN",
      number        = "CERN-ISR-PO-68-31",
      howpublished        = "{CERN-ISR-PO-68-31}",
      year          = "1968",
      url           = "https://cds.cern.ch/record/296752",
}

@article{GRAFSTROM201597,
      author        = "Grafström, P and Kozanecki, W",
      title         = "{Luminosity determination at proton colliders}",
      journal       = "Prog. Part. Nucl. Phys.",
      volume        = "81",
      pages         = "97-148. 52 p",
      year          = "2015",
      doi           = "10.1016/j.ppnp.2014.11.002",
}



@article{Potamianos:2209070,
    author = "Potamianos, Karolos",
    title = "{The upgraded Pixel detector and the commissioning of the Inner Detector tracking of the ATLAS experiment for Run-2 at the Large Hadron Collider}",
    eprint = "1608.07850",
    archivePrefix = "arXiv",
    primaryClass = "physics.ins-det",
    reportNumber = "ATL-PHYS-PROC-2016-104",
    journal = "PoS",
    volume = "EPS-HEP2015",
    pages = "261",
    year = "2015"
}

@misc{Pequenao:1095926,
      author        = "Joao Pequenao",
      title         = "{Computer generated image of the ATLAS inner detector}",
      month         = "Mar",
      year          = "2008",
      reportNumber  = "CERN-GE-0803014",
      url           = "https://cds.cern.ch/record/1095926",
}

@article{Abbott:2018ikt,
    collaboration = "ATLAS IBL",
    title = "{Production and Integration of the ATLAS Insertable B-Layer}",
    eprint = "1803.00844",
    archivePrefix = "arXiv",
    primaryClass = "physics.ins-det",
    doi = "10.1088/1748-0221/13/05/T05008",
    journal = "JINST",
    volume = "13",
    number = "05",
    pages = "T05008",
    year = "2018"
}

@article{Lee:2637852,
    author = "Lee, Sehwook and Livan, Michele and Wigmans, Richard",
    title = "{Dual-Readout Calorimetry}",
    eprint = "1712.05494",
    archivePrefix = "arXiv",
    primaryClass = "physics.ins-det",
    doi = "10.1103/RevModPhys.90.025002",
    journal = "Rev. Mod. Phys.",
    volume = "90",
    number = "2",
    pages = "025002",
    year = "2018"
}

@article{AMALDI1977390,
	author = "U. Amaldi and G. Cocconi and A.N. Diddens and R.W. Dobinson and J. Dorenbosch and W. Duinker and D. Gustavson and J. Meyer and K. Potter and A.M. Wetherell and A. Baroncelli and C. Bosio",
    title = "{The Real Part of the Forward Proton Proton Scattering Amplitude Measured at the CERN Intersecting Storage Rings}",
    reportNumber = "Print-77-0078 (CERN)",
    doi = "10.1016/0370-2693(77)90022-3",
    journal = "Phys. Lett. B",
    volume = "66",
    pages = "390--394",
    year = "1977"
}

@Booklet{Leite:1628749,
      author        = "Leite, M",
      title         = "{Performance of the ATLAS Zero Degree Calorimeter}",
      institution   = "CERN",
      number        = "ATL-FWD-PROC-2013-001",
      month         = "Nov",
      year          = "2013",
      howpublished  = "{ATL-FWD-PROC-2013-001}",
      url           = "https://cds.cern.ch/record/1628749",
}

@article{AbdelKhalek:2016tiv,
   author={Khalek, S. Abdel and Allongue, B. and Anghinolfi, F. and Barrillon, P. and Blanchot, G. and Blin-Bondil, S. and Braem, A. and Chytka, L. and Muíño, P. Conde and Düren, M. and et al.},
    title = "{The ALFA Roman Pot Detectors of ATLAS}",
    eprint = "1609.00249",
    archivePrefix = "arXiv",
    primaryClass = "physics.ins-det",
    doi = "10.1088/1748-0221/11/11/P11013",
    journal = "JINST",
    volume = "11",
    number = "11",
    pages = "P11013",
    year = "2016"
}

@Booklet{CERN-LHCC-98-014,
      title         = "{ATLAS level-1 trigger: Technical Design Report}",
      publisher     = "CERN",
      collaboration = "ATLAS",
      series        = "Technical Design Report ATLAS",
      year          = "1998",
      reportNumber  = "CERN-LHCC-98-014",
      howpublished  = "{CERN-LHCC-98-014}",
      url           = "https://cds.cern.ch/record/381429",
}

@article{Jenni:616089,
      title         = "{ATLAS high-level trigger, data-acquisition and controls:
                       Technical Design Report}",
      publisher     = "CERN",
      collaboration = "ATLAS",
      series        = "Technical Design Report ATLAS",
      year          = "2003",
      reportNumber  = "CERN-LHCC-2003-022",
      url           = "https://cds.cern.ch/record/616089",
}

@Booklet{Adamczyk:2017378,
      author        = "Adamczyk, L and Banaś, E and Brandt, A and Bruschi, M and
                       Grinstein, S and Lange, J and Rijssenbeek, M and Sicho, P
                       and Staszewski, R and Sykora, T and Trzebiński, M and
                       Chwastowski, J and Korcyl, K",
      title         = "{Technical Design Report for the ATLAS Forward Proton
                       Detector}",
      number        = "CERN-LHCC-2015-009. ATLAS-TDR-024",
      month         = "May",
      year          = "2015",
      reportNumber  = "CERN-LHCC-2015-009",
      howpublished  = "{CERN-LHCC-2015-009}",
      url           = "https://cds.cern.ch/record/2017378",
}

@article{Aad:2020les,
    collaboration = "ATLAS",
    title = "{Performance of the missing transverse momentum triggers for the ATLAS detector during Run-2 data taking}",
    eprint = "2005.09554",
    archivePrefix = "arXiv",
    primaryClass = "hep-ex",
    reportNumber = "CERN-EP-2020-050",
    doi = "10.1007/JHEP08(2020)080",
    journal = "JHEP",
    volume = "08",
    pages = "080",
    year = "2020"
}

@article{Aad:2016nrq,
    collaboration = "ATLAS",
    title = "{Performance of algorithms that reconstruct missing transverse momentum in $\sqrt{s}=$ 8 TeV proton-proton collisions in the ATLAS detector}",
    eprint = "1609.09324",
    archivePrefix = "arXiv",
    primaryClass = "hep-ex",
    reportNumber = "CERN-EP-2016-134",
    doi = "10.1140/epjc/s10052-017-4780-2",
    journal = "Eur. Phys. J. C",
    volume = "77",
    number = "4",
    pages = "241",
    year = "2017"
}

@article{Aad:2016upy,
    collaboration = "ATLAS",
    title = "{Topological cell clustering in the ATLAS calorimeters and its performance in LHC Run 1}",
    eprint = "1603.02934",
    archivePrefix = "arXiv",
    primaryClass = "hep-ex",
    reportNumber = "CERN-PH-EP-2015-304",
    doi = "10.1140/epjc/s10052-017-5004-5",
    journal = "Eur. Phys. J. C",
    volume = "77",
    pages = "490",
    year = "2017"
}

@article{Aad:2010ah,
    collaboration = "ATLAS",
    title = "{The ATLAS Simulation Infrastructure}",
    eprint = "1005.4568",
    archivePrefix = "arXiv",
    primaryClass = "physics.ins-det",
    doi = "10.1140/epjc/s10052-010-1429-9",
    journal = "Eur. Phys. J. C",
    volume = "70",
    pages = "823--874",
    year = "2010"
}

@article{Buckley:2011ms,
   author={Buckley, Andy and Butterworth, Jonathan and Gieseke, Stefan and Grellscheid, David and Höche, Stefan and Hoeth, Hendrik and Krauss, Frank and Lönnblad, Leif and Nurse, Emily and Richardson, Peter and et al.},    title = "{General-purpose event generators for LHC physics}",
    eprint = "1101.2599",
    archivePrefix = "arXiv",
    primaryClass = "hep-ph",
    reportNumber = "CAVENDISH-HEP-10-21, CERN-PH-TH-2010-298, DCPT-10-202, IPPP-10-101, KA-TP-40-2010, LU-TP-10-28, MAN-HEP-2010-23, SLAC-PUB-14333, HD-THEP-10-24, MCNET-11-01",
    doi = "10.1016/j.physrep.2011.03.005",
    journal = "Phys. Rept.",
    volume = "504",
    pages = "145--233",
    year = "2011"
}


@article{Gribov:1972ri,
    author = "Gribov, V. N. and Lipatov, L. N.",
    title = "{Deep inelastic e p scattering in perturbation theory}",
    reportNumber = "IPTI-381-71",
    journal = "Sov. J. Nucl. Phys.",
    volume = "15",
    pages = "438--450",
    year = "1972",
    url = "https://cds.cern.ch/record/427157",
}

@inproceedings{Blumlein:1996wj,
    author = "Blumlein, J. and Doyle, T. and Hautmann, F. and Klein, M. and Vogt, A.",
    title = "{Structure functions in deep inelastic scattering at HERA}",
    booktitle = "{Workshop on Future Physics at HERA}",
    eprint = "hep-ph/9609425",
    archivePrefix = "arXiv",
    month = "9",
    year = "1996"
}

@article{Buckley:2014ana,
    author = {Buckley, Andy and Ferrando, James and Lloyd, Stephen and Nordstr\"om, Karl and Page, Ben and R\"ufenacht, Martin and Sch\"onherr, Marek and Watt, Graeme},
    title = "{LHAPDF6: parton density access in the LHC precision era}",
    eprint = "1412.7420",
    archivePrefix = "arXiv",
    primaryClass = "hep-ph",
    reportNumber = "GLAS-PPE-2014-05, MCNET-14-29, IPPP-14-111, DCPT-14-222",
    doi = "10.1140/epjc/s10052-015-3318-8",
    journal = "Eur. Phys. J. C",
    volume = "75",
    pages = "132",
    year = "2015"
}


@article{Bengtsson:1986hr,
    author = "Bengtsson, Mats and Sjostrand, Torbjorn",
    title = "{Coherent Parton Showers Versus Matrix Elements: Implications of PETRA - PEP Data}",
    reportNumber = "LU-TP-86-18",
    doi = "10.1016/0370-2693(87)91031-8",
    journal = "Phys. Lett. B",
    volume = "185",
    pages = "435",
    year = "1987"
}

@article{Catani:2001cc,
    author = "Catani, S. and Krauss, F. and Kuhn, R. and Webber, B. R.",
    title = "{QCD matrix elements + parton showers}",
    eprint = "hep-ph/0109231",
    archivePrefix = "arXiv",
    reportNumber = "CERN-TH-2000-367, CAVENDISH-HEP-00-03",
    doi = "10.1088/1126-6708/2001/11/063",
    journal = "JHEP",
    volume = "11",
    pages = "063",
    year = "2001"
}

@article{Lonnblad:2001iq,
    author = "Lonnblad, Leif",
    title = "{Correcting the color dipole cascade model with fixed order matrix elements}",
    eprint = "hep-ph/0112284",
    archivePrefix = "arXiv",
    reportNumber = "LU-TP-01-38",
    doi = "10.1088/1126-6708/2002/05/046",
    journal = "JHEP",
    volume = "05",
    pages = "046",
    year = "2002"
}

@book{andersson_1998, 
	address={Cambridge}, 
	series={Cambridge Monographs on Particle Physics, Nuclear Physics and Cosmology}, 
	title={The Lund Model}, 
	DOI={10.1017/CBO9780511524363}, 
	publisher={Cambridge University Press}, 
	author={Andersson, Bo}, year={1998}, 
	collection={Cambridge Monographs on Particle Physics, Nuclear Physics and Cosmology}
	}

@article{Andersson:1983ia,
    author = "Andersson, Bo and Gustafson, G. and Ingelman, G. and Sjostrand, T.",
    title = "{Parton Fragmentation and String Dynamics}",
    reportNumber = "LU-TP-83-10",
    doi = "10.1016/0370-1573(83)90080-7",
    journal = "Phys. Rept.",
    volume = "97",
    pages = "31--145",
    year = "1983"
}

@article{Amati:1979fg,
    author = "Amati, D. and Veneziano, G.",
    title = "{Preconfinement as a Property of Perturbative QCD}",
    reportNumber = "CERN-TH-2620",
    doi = "10.1016/0370-2693(79)90896-7",
    journal = "Phys. Lett. B",
    volume = "83",
    pages = "87--92",
    year = "1979"
}

@articlearticle{Buckley:1191215,
      author        = "Buckley, Andy and Hoeth, Hendrik and Lacker, Heiko and
                       Schulz, Holger and von Seggern, Jan Eike",
      title         = "{Systematic event generator tuning for the LHC}",
      number        = "arXiv:0907.2973. IPPP-09-52. DCPT-104-22. LU TP 09-18.
                       HU-EP-09-33. MCNET-09-14",
      month         = "Jul",
      year          = "2009",
      reportNumber  = "arXiv:0907.2973",
      url           = "https://cds.cern.ch/record/1191215",
      note          = "Comments: 28 pages. Submitted to European Physical Journal
                       C. Program sources and extra information are available from
                       http://projects.hepforge.org/professor/",
}


@article{Gleisberg:2008ta,
    author = "Gleisberg, T. and Hoeche, Stefan. and Krauss, F. and Schonherr, M. and Schumann, S. and Siegert, F. and Winter, J.",
    title = "{Event generation with SHERPA 1.1}",
    eprint = "0811.4622",
    archivePrefix = "arXiv",
    primaryClass = "hep-ph",
    reportNumber = "FERMILAB-PUB-08-477-T, SLAC-PUB-13420, ZU-TH-17-08, DCPT-08-138, IPPP-08-69, EDINBURGH-2008-30, MCNET-08-14",
    doi = "10.1088/1126-6708/2009/02/007",
    journal = "JHEP",
    volume = "02",
    pages = "007",
    year = "2009"
}

@article{Dobbs:2001ck,
    author = "Dobbs, Matt and Hansen, Jorgen Beck",
    title = "{The HepMC C++ Monte Carlo event record for High Energy Physics}",
    reportNumber = "ATL-SOFT-2000-001",
    doi = "10.1016/S0010-4655(00)00189-2",
    journal = "Comput. Phys. Commun.",
    volume = "134",
    pages = "41--46",
    year = "2001"
}

@Booklet{ATL-SOFT-PUB-2018-002,
      title         = "{The new Fast Calorimeter Simulation in ATLAS}",
      institution   = "CERN",
      collaboration = "ATLAS",
      number        = "ATL-SOFT-PUB-2018-002",
      month         = "Jul",
      year          = "2018",
      reportNumber  = "ATL-SOFT-PUB-2018-002",
      howpublished  = "{ATL-SOFT-PUB-2018-002}",
      url           = "https://cds.cern.ch/record/2630434",
}

% --------------------------------- THEORY ------------------------------------

@article{Choi:2001ww,
    author = "Choi, S. Y. and Kalinowski, J. and Moortgat-Pick, Gudrid A. and Zerwas, P. M.",
    title = "{Analysis of the neutralino system in supersymmetric theories}",
    eprint = "hep-ph/0108117",
    archivePrefix = "arXiv",
    reportNumber = "DESY-01-088, IFT-01-19",
    doi = "10.1007/s100520100808",
    journal = "Eur. Phys. J. C",
    volume = "22",
    pages = "563--579",
    year = "2001",
    note = "[Addendum: Eur. Phys. J. C 23, 769--772 (2002)]"
}


@article{Aoyama:2020ynm,
    author = "Aoyama, T. and others",
    title = "{The anomalous magnetic moment of the muon in the Standard Model}",
    eprint = "2006.04822",
    archivePrefix = "arXiv",
    primaryClass = "hep-ph",
    reportNumber = "FERMILAB-PUB-20-207-T, INT-PUB-20-021, KEK Preprint 2020-5,
  MITP/20-028, KEK Preprint 2020-5, MITP/20-028, CERN-TH-2020-075, IFT-UAM/CSIC-20-74, LMU-ASC 18/20, LTH 1234,
  LU TP 20-20, LTH 1234, LU TP 20-20, MAN/HEP/2020/003, PSI-PR-20-06, UWThPh 2020-14, ZU-TH 18/20",
    doi = "10.1016/j.physrep.2020.07.006",
    journal = "Phys. Rept.",
    volume = "887",
    pages = "1--166",
    year = "2020"
}


@article{Abi:2021gix,
    collaboration = "Muon g-2",
    title = "{Measurement of the Positive Muon Anomalous Magnetic Moment to 0.46 ppm}",
    eprint = "2104.03281",
    archivePrefix = "arXiv",
    primaryClass = "hep-ex",
    reportNumber = "FERMILAB-PUB-21-132-E",
    doi = "10.1103/PhysRevLett.126.141801",
    journal = "Phys. Rev. Lett.",
    volume = "126",
    number = "14",
    pages = "141801",
    year = "2021"
}


@Book{kane2000the,
 author = {Kane, G and Shifman, M},
 title = {The supersymmetric world : the beginnings of the theory},
 publisher = {World Scientific},
 year = {2000},
 address = {Singapore},
 isbn = {978-981-02-4522-1},
 doi = {10.1142/4611}
 }

@article{PhysRevLett.61.510,
    author = "Caldwell, David O. and Eisberg, R. M. and Grumm, D. M. and Witherell, Michael S. and Sadoulet, B. and Goulding, F. S. and Smith, A. R.",
    editor = "Srednicki, M. A.",
    title = "{Laboratory Limits on Galactic Cold Dark Matter}",
    reportNumber = "UCSB-HEP-88-6",
    doi = "10.1103/PhysRevLett.61.510",
    journal = "Phys. Rev. Lett.",
    volume = "61",
    pages = "510",
    year = "1988"
}


@article{PhysRevD.48.5505,
    collaboration = "Kamiokande",
    title = "{Search for neutralino dark matter in Kamiokande}",
    reportNumber = "KEK-PREPRINT-93-77, NGTHEP-93-1, ICRR-298-93-10, TKU-PAP-93-01, KOBE-AP-93-01, OULNS-93-01, TIT-HPE-93-05, INS-997",
    doi = "10.1103/PhysRevD.48.5505",
    journal = "Phys. Rev. D",
    volume = "48",
    pages = "5505--5518",
    year = "1993"
}

@article{Akerib:2005zy,
    collaboration = "CDMS",
    title = "{Exclusion limits on the WIMP-nucleon cross section from the first run of the Cryogenic Dark Matter Search in the Soudan Underground Laboratory}",
    eprint = "astro-ph/0507190",
    archivePrefix = "arXiv",
    reportNumber = "FERMILAB-PUB-05-456-E, SLAC-PUB-15993",
    doi = "10.1103/PhysRevD.72.052009",
    journal = "Phys. Rev. D",
    volume = "72",
    pages = "052009",
    year = "2005"
}



@Book{brown1986the,
 author = {Brown, Laurie},
 title = {The Birth of particle physics},
 publisher = {Cambridge University Press},
 year = {1986},
 address = {Cambridge},
 isbn = {9780521338370}
 }
 
 @book{Liddle:1976476,
      author        = "Liddle, Andrew",
      title         = "{An introduction to modern cosmology}",
      publisher     = "Wiley",
      address       = "Chichester",
      edition = {3rd},
      month         = "Mar",
      year          = "2015",
}
 
 @inproceedings{Bustamante:2009us,
    author = "Bustamante, M. and Cieri, L. and Ellis, John",
    title = "{Beyond the Standard Model for Montaneros}",
    booktitle = "{5th CERN - Latin American School of High-Energy Physics}",
    eprint = "0911.4409",
    archivePrefix = "arXiv",
    primaryClass = "hep-ph",
    reportNumber = "CERN-PH-TH-2009-225",
    month = "11",
    year = "2009"
}

@article{Mohr:2015ccw,
    author = "Mohr, Peter J. and Newell, David B. and Taylor, Barry N.",
    title = "{CODATA Recommended Values of the Fundamental Physical Constants: 2014}",
    eprint = "1507.07956",
    archivePrefix = "arXiv",
    primaryClass = "physics.atom-ph",
    doi = "10.1103/RevModPhys.88.035009",
    journal = "Rev. Mod. Phys.",
    volume = "88",
    number = "3",
    pages = "035009",
    year = "2016"
}

@article{BUCHHOLZ19861,
title = "On Noether's theorem in quantum field theory",
journal = "Annals of Physics",
volume = "170",
number = "1",
pages = "1 - 17",
year = "1986",
issn = "0003-4916",
doi = "https://doi.org/10.1016/0003-4916(86)90086-2",
url = "http://www.sciencedirect.com/science/article/pii/0003491686900862",
author = "Detlev Buchholz and Sergio Doplicher and Roberto Longo",
abstract = "Extending the construction of local generators of symmetries in (S. Doplicher, Commun. Math. Phys.85 (1982), 73; S. Doplicher and R. Longo, Commun. Math. Phys.88 (1983), 399) to space-time and supersymmetries, we establish a weak form of Noether's theorem in quantum field theory. We also comment on the physical significance of the “split property,” underlying our analysis, and discuss some local aspects of superselection rules following from our results."
}

@article{PhysRev.78.182,
    author = "Ward, John Clive",
    title = "{An Identity in Quantum Electrodynamics}",
    doi = "10.1103/PhysRev.78.182",
    journal = "Phys. Rev.",
    volume = "78",
    pages = "182",
    year = "1950"
}

@Article{Takahashi1957,
	author={Takahashi, Y.},
	title={On the generalized ward identity},
	journal={Il Nuovo Cimento (1955-1965)},
	year={1957},
	volume={6},
	number={2},
	pages={371-375},
	doi={10.1007/BF02832514},
}

@article{THOOFT1971173,
    author = "'t Hooft, Gerard",
    title = "{Renormalization of Massless Yang-Mills Fields}",
    doi = "10.1016/0550-3213(71)90395-6",
    journal = "Nucl. Phys. B",
    volume = "33",
    pages = "173--199",
    year = "1971"
}

@article{THOOFT1972189,
    author = "'t Hooft, Gerard and Veltman, M. J. G.",
    title = "{Regularization and Renormalization of Gauge Fields}",
    doi = "10.1016/0550-3213(72)90279-9",
    journal = "Nucl. Phys. B",
    volume = "44",
    pages = "189--213",
    year = "1972"
}

@article{TAYLOR1971436,
    author = "Taylor, J. C.",
    title = "{Ward Identities and Charge Renormalization of the Yang-Mills Field}",
    doi = "10.1016/0550-3213(71)90297-5",
    journal = "Nucl. Phys. B",
    volume = "33",
    pages = "436--444",
    year = "1971"
}

@article{Slavnov1972,
    author = "Slavnov, A. A.",
    title = "{Ward Identities in Gauge Theories}",
    doi = "10.1007/BF01090719",
    journal = "Theor. Math. Phys.",
    volume = "10",
    pages = "99--107",
    year = "1972"
}


@book{Brock:1354959,
      author        = "Brock, Ian C and Schorner-Sadenius, Thomas",
      title         = "{Physics at the terascale}",
      publisher     = "Wiley",
      address       = "Weinheim",
      year          = "2011",
      url           = "https://cds.cern.ch/record/1354959",
      doi           = "10.1002/9783527634965",
      isbn			= "9783527410019",
}

@article{PhysRevD.10.2445,
    author = "Wilson, Kenneth G.",
    editor = "Taylor, J. C.",
    title = "{Confinement of Quarks}",
    reportNumber = "CLNS-262",
    doi = "10.1103/PhysRevD.10.2445",
    journal = "Phys. Rev. D",
    volume = "10",
    pages = "2445--2459",
    year = "1974"
}

@article{GLASHOW1961579,
    author = "Glashow, S. L.",
    title = "{Partial Symmetries of Weak Interactions}",
    doi = "10.1016/0029-5582(61)90469-2",
    journal = "Nucl. Phys.",
    volume = "22",
    pages = "579--588",
    year = "1961"
}

@article{PhysRevLett.19.1264,
    author = "Weinberg, Steven",
    title = "{A Model of Leptons}",
    doi = "10.1103/PhysRevLett.19.1264",
    journal = "Phys. Rev. Lett.",
    volume = "19",
    pages = "1264--1266",
    year = "1967"
}

@article{Salam1959,
    author = "Salam, Abdus",
    title = "{Weak and Electromagnetic Interactions}",
    doi = "10.1142/9789812795915_0034",
    journal = "Conf. Proc. C",
    volume = "680519",
    pages = "367--377",
    year = "1968"
}

@article{PhysRev.105.1413,
    author = "Wu, C. S. and Ambler, E. and Hayward, R. W. and Hoppes, D. D. and Hudson, R. P.",
    title = "{Experimental Test of Parity Conservation in $\beta$ Decay}",
    doi = "10.1103/PhysRev.105.1413",
    journal = "Phys. Rev.",
    volume = "105",
    pages = "1413--1414",
    year = "1957"
}

@article{Gell-Mann1956,
    author = "Gell-Mann, M.",
    title = "{The interpretation of the new particles as displaced charge multiplets}",
    doi = "10.1007/BF02748000",
    journal = "Nuovo Cim.",
    volume = "4",
    number = "S2",
    pages = "848--866",
    year = "1956"
}

@article{10.1143/PTP.13.285,
    author = "Nishijima, Kazuhiko",
    title = "{Charge Independence Theory of V Particles}",
    doi = "10.1143/PTP.13.285",
    journal = "Prog. Theor. Phys.",
    volume = "13",
    number = "3",
    pages = "285--304",
    year = "1955"
}

@article{10.1143/PTP.10.581,
    author = "Nakano, T. and Nishijima, K.",
    title = "{Charge Independence for V-particles}",
    doi = "10.1143/PTP.10.581",
    journal = "Prog. Theor. Phys.",
    volume = "10",
    pages = "581--582",
    year = "1953"
}

@article{PhysRevLett.13.321,
    author = "Englert, F. and Brout, R.",
    editor = "Taylor, J. C.",
    title = "{Broken Symmetry and the Mass of Gauge Vector Mesons}",
    doi = "10.1103/PhysRevLett.13.321",
    journal = "Phys. Rev. Lett.",
    volume = "13",
    pages = "321--323",
    year = "1964"
}

@article{PhysRevLett.13.508,
    author = "Higgs, Peter W.",
    editor = "Taylor, J. C.",
    title = "{Broken Symmetries and the Masses of Gauge Bosons}",
    doi = "10.1103/PhysRevLett.13.508",
    journal = "Phys. Rev. Lett.",
    volume = "13",
    pages = "508--509",
    year = "1964"
}

@article{PhysRev.145.1156,
    author = "Higgs, Peter W.",
    title = "{Spontaneous Symmetry Breakdown without Massless Bosons}",
    doi = "10.1103/PhysRev.145.1156",
    journal = "Phys. Rev.",
    volume = "145",
    pages = "1156--1163",
    year = "1966"
}

@book{Liddle:1976476,
      author        = "Liddle, Andrew",
      title         = "{An introduction to modern cosmology; 3rd ed.}",
      publisher     = "Wiley",
      address       = "Chichester",
      month         = "Mar",
      year          = "2015",
      url           = "https://cds.cern.ch/record/1976476",
      doi           = "1118502140",
}

@article{SimplifiedModels1:2008ag,
      author         = "Alwall, Johan and Schuster, Philip and Toro, Natalia",
      title          = "{Simplified Models for a First Characterization of New
                        Physics at the LHC}",
      journal        = "Phys. Rev. D",
      volume         = "79",
      year           = "2009",
      pages          = "075020",
      doi            = "10.1103/PhysRevD.79.075020",
      eprint         = "0810.3921",
      archivePrefix  = "arXiv",
      primaryClass   = "hep-ph",
      reportNumber   = "SLAC-PUB-13425, SU-ITP-08-24",
      SLACcitation   = "%%CITATION = ARXIV:0810.3921;%%"
}

@article{Zwicky:437297,
    author = "Zwicky, F.",
    title = "{Die Rotverschiebung von extragalaktischen Nebeln}",
    doi = "10.1007/s10714-008-0707-4",
    journal = "Helv. Phys. Acta",
    volume = "6",
    pages = "110--127",
    year = "1933"
}


@article{Bertone:2004pz,
    author = "Bertone, Gianfranco and Hooper, Dan and Silk, Joseph",
    title = "{Particle dark matter: Evidence, candidates and constraints}",
    eprint = "hep-ph/0404175",
    archivePrefix = "arXiv",
    reportNumber = "FERMILAB-PUB-04-047-A",
    doi = "10.1016/j.physrep.2004.08.031",
    journal = "Phys. Rept.",
    volume = "405",
    pages = "279--390",
    year = "2005"
}

@article{Bennett:1996ce,
    author = "Bennett, C. L. and Banday, A. and Gorski, K. M. and Hinshaw, G. and Jackson, P. and Keegstra, P. and Kogut, A. and Smoot, George F. and Wilkinson, D. T. and Wright, E. L.",
    title = "{Four year COBE DMR cosmic microwave background observations: Maps and basic results}",
    eprint = "astro-ph/9601067",
    archivePrefix = "arXiv",
    reportNumber = "COBE-PREPRINT-96-01",
    doi = "10.1086/310075",
    journal = "Astrophys. J. Lett.",
    volume = "464",
    pages = "L1--L4",
    year = "1996"
}


@article{COBE,
    collaboration = "COBE",
    title = "{Structure in the COBE differential microwave radiometer first year maps}",
    reportNumber = "PRINT-92-0148 (UC,BERKELEY)",
    doi = "10.1086/186504",
    journal = "Astrophys. J. Lett.",
    volume = "396",
    pages = "L1--L5",
    year = "1992"
}

@article{WMAP2,
    collaboration = "WMAP",
    title = "{Nine-Year Wilkinson Microwave Anisotropy Probe (WMAP) Observations: Final Maps and Results}",
    eprint = "1212.5225",
    archivePrefix = "arXiv",
    primaryClass = "astro-ph.CO",
    doi = "10.1088/0067-0049/208/2/20",
    journal = "Astrophys. J. Suppl.",
    volume = "208",
    pages = "20",
    year = "2013"
}

@article{WMAP1,
    collaboration = "WMAP",
    title = "{Nine-Year Wilkinson Microwave Anisotropy Probe (WMAP) Observations: Cosmological Parameter Results}",
    eprint = "1212.5226",
    archivePrefix = "arXiv",
    primaryClass = "astro-ph.CO",
    doi = "10.1088/0067-0049/208/2/19",
    journal = "Astrophys. J. Suppl.",
    volume = "208",
    pages = "19",
    year = "2013"
}


@article{Planck,
    collaboration = "Planck",
    title = "{Planck 2018 results. I. Overview and the cosmological legacy of Planck}",
    eprint = "1807.06205",
    archivePrefix = "arXiv",
    primaryClass = "astro-ph.CO",
    doi = "10.1051/0004-6361/201833880",
    journal = "Astron. Astrophys.",
    volume = "641",
    pages = "A1",
    year = "2020"
}


@article{Aghanim:2018eyx,
    collaboration = "Planck",
    title = "{Planck 2018 results. VI. Cosmological parameters}",
    eprint = "1807.06209",
    archivePrefix = "arXiv",
    primaryClass = "astro-ph.CO",
    doi = "10.1051/0004-6361/201833910",
    journal = "Astron. Astrophys.",
    volume = "641",
    pages = "A6",
    year = "2020"
}

@proceedings{tHooft:1980xss,
    editor = "'t Hooft, Gerard and Itzykson, C. and Jaffe, A. and Lehmann, H. and Mitter, P.K. and Singer, I.M. and Stora, R.",
    title = "{Recent Developments in Gauge Theories. Proceedings, Nato Advanced Study Institute, Cargese, France, August 26 - September 8, 1979}",
    doi = "10.1007/978-1-4684-7571-5",
    volume = "59",
    pages = "pp.1--438",
    year = "1980"
}

@book{Aitchison:2007fn,
    author = "Aitchison, I.J.R.",
    title = "{Supersymmetry in Particle Physics. An Elementary Introduction}",
    reportNumber = "SLAC-R-865",
    doi = "10.1017/CBO9780511619250",
    isbn = "978-0-511-61925-0",
    publisher = "Cambridge University Press",
    address = "Cambridge",
    year = "2007"
}

@article{Bennett:2006fi,
    collaboration = "Muon g-2",
    title = "{Final Report of the Muon E821 Anomalous Magnetic Moment Measurement at BNL}",
    eprint = "hep-ex/0602035",
    archivePrefix = "arXiv",
    doi = "10.1103/PhysRevD.73.072003",
    journal = "Phys. Rev. D",
    volume = "73",
    pages = "072003",
    year = "2006"
}

@book{baer_tata_2006, 
	place={Cambridge}, 
	title={Weak Scale Supersymmetry: From Superfields to Scattering Events}, 
	DOI={10.1017/CBO9780511617270}, 
	publisher={Cambridge University Press},    
	address = "Cambridge",
	author={Baer, Howard and Tata, Xerxes}, 
	year={2006}
}

@article{Czarnecki:2001pv,
    author = "Czarnecki, Andrzej and Marciano, William J.",
    title = "{The Muon anomalous magnetic moment: A Harbinger for 'new physics'}",
    eprint = "hep-ph/0102122",
    archivePrefix = "arXiv",
    reportNumber = "ALBERTA-THY-03-01, BNL-HET-01-4",
    doi = "10.1103/PhysRevD.64.013014",
    journal = "Phys. Rev. D",
    volume = "64",
    pages = "013014",
    year = "2001"
}

@article{Feng:2001tr,
    author = "Feng, Jonathan L. and Matchev, Konstantin T.",
    title = "{Supersymmetry and the anomalous magnetic moment of the muon}",
    eprint = "hep-ph/0102146",
    archivePrefix = "arXiv",
    reportNumber = "MIT-CTP-3083, CERN-TH-2001-039",
    doi = "10.1103/PhysRevLett.86.3480",
    journal = "Phys. Rev. Lett.",
    volume = "86",
    pages = "3480--3483",
    year = "2001"
}


@article{SimplifiedModels2:2011wf,
      editor         = "Arkani-Hamed, Nima and Arora, Sanjay and Bai, Yang and
                        Baumgart, Matthew and Berger, Joshua and Buckley, Matthew
                        and Butler, Bart and Chang, Spencer and Cheng, Hsin-Chia
                        and Cheung, Clifford and others ",
      title          = "{Simplified Models for LHC New Physics Searches}",
      author  = "{LHC New Physics Working Group}",
      journal        = "J. Phys. G",
      volume         = "39",
      year           = "2012",
      pages          = "105005",
      doi            = "10.1088/0954-3899/39/10/105005",
      eprint         = "1105.2838",
      archivePrefix  = "arXiv",
      primaryClass   = "hep-ph",
      reportNumber   = "SLAC-PUB-15045, FERMILAB-PUB-11-842-A-PPD",
      SLACcitation   = "%%CITATION = ARXIV:1105.2838;%%"
}


@article{Goldstone:1961eq,
      author         = "Goldstone, J.",
      title          = "{Field Theories with Superconductor Solutions}",
      journal        = "Nuovo Cim.",
      volume         = "19",
      year           = "1961",
      pages          = "154-164",
      doi            = "10.1007/BF02812722",
      SLACcitation   = "%%CITATION = NUCIA,19,154;%%"
}

@article{Brdar:2019iem,
    author = "Brdar, Vedran and Helmboldt, Alexander J. and Iwamoto, Sho and Schmitz, Kai",
    title = "{Type-I Seesaw as the Common Origin of Neutrino Mass, Baryon Asymmetry, and the Electroweak Scale}",
    eprint = "1905.12634",
    archivePrefix = "arXiv",
    primaryClass = "hep-ph",
    doi = "10.1103/PhysRevD.100.075029",
    journal = "Phys. Rev. D",
    volume = "100",
    pages = "075029",
    year = "2019"
}

@article{Nambu:1960tm,
    author = "Nambu, Yoichiro",
    editor = "Taylor, J. C.",
    title = "{Quasiparticles and Gauge Invariance in the Theory of Superconductivity}",
    doi = "10.1103/PhysRev.117.648",
    journal = "Phys. Rev.",
    volume = "117",
    pages = "648--663",
    year = "1960"
}

@article{PhysRevLett.10.531,
    author = "Cabibbo, Nicola",
    title = "{Unitary Symmetry and Leptonic Decays}",
    doi = "10.1103/PhysRevLett.10.531",
    journal = "Phys. Rev. Lett.",
    volume = "10",
    pages = "531--533",
    year = "1963",
}


@article{CKM:1973fv,
      author         = "Kobayashi, Makoto and Maskawa, Toshihide",
      title          = "{CP Violation in the Renormalizable Theory of Weak
                        Interaction}",
      journal        = "Prog. Theor. Phys.",
      volume         = "49",
      year           = "1973",
      pages          = "652-657",
      doi            = "10.1143/PTP.49.652",
      reportNumber   = "KUNS-242",
      SLACcitation   = "%%CITATION = PTPKA,49,652;%%"
}

@article{PMNS:1962mu,
    author = "Maki, Ziro and Nakagawa, Masami and Sakata, Shoichi",
    title = "{Remarks on the unified model of elementary particles}",
    doi = "10.1143/PTP.28.870",
    journal = "Prog. Theor. Phys.",
    volume = "28",
    pages = "870--880",
    year = "1962"
}

@inproceedings{Djouadi:1998di,
    author = "MSSM Working Group",
    title = "{The Minimal supersymmetric standard model: Group summary report}",
    booktitle = "{GDR (Groupement De Recherche) - Supersymetrie}",
    eprint = "hep-ph/9901246",
    archivePrefix = "arXiv",
    reportNumber = "PM-98-45",
    month = "12",
    year = "1998"
}


@article{pMSSM-scan-run1:2015baa,
	title          = "{Summary of the ATLAS experiment’s sensitivity to
	supersymmetry after LHC Run 1 — interpreted in the
	phenomenological MSSM}",
	collaboration  = "ATLAS",
	journal        = "JHEP",
	volume         = "10",
	year           = "2015",
	pages          = "134",
	doi            = "10.1007/JHEP10(2015)134",
	eprint         = "1508.06608",
	archivePrefix  = "arXiv",
	primaryClass   = "hep-ex",
	reportNumber   = "CERN-PH-EP-2015-214",
	SLACcitation   = "%%CITATION = ARXIV:1508.06608;%%"
}

@phdthesis{Lorenz:2014sta,
	author         = "Lorenz, Jeanette Miriam",
	title          = "{Search for strongly interacting supersymmetric particles
	decaying to final states with an isolated lepton with the
	ATLAS detector at the LHC}",
	school         = "Munich U.",
	year           = "2014",
	url            = "http://www-static.etp.physik.uni-muenchen.de/dokumente/thesis/phd_jlorenz.pdf",
	reportNumber   = "CERN-THESIS-2014-405",
	SLACcitation   = "%%CITATION = CERN-THESIS-2014-405;%%"
}

@phdthesis{Hartmann:2018,
	author         = "Hartmann, Nikolai Marcel",
	title          = "{Search for Supersymmetry in events
	with an isolated lepton, at least 2-9 jets
	and missing transverse momentum with
	the ATLAS detector}",
	school         = "Munich U.",
	year           = "2018",
	url            = "https://www.etp.physik.uni-muenchen.de/publications/theses/download/phd_nhartmann.pdf"
}


@article{Miura:2016krn,
	title          = "{Search for proton decay via $p \to e^+\pi^0$ and $p \to
	\mu^+\pi^0$ in 0.31 megaton-years exposure of the
	Super-Kamiokande water Cherenkov detector}",
	collaboration  = "Super-Kamiokande",
	journal        = "Phys. Rev. D",
	volume         = "95",
	year           = "2017",
	number         = "1",
	pages          = "012004",
	doi            = "10.1103/PhysRevD.95.012004",
	eprint         = "1610.03597",
	archivePrefix  = "arXiv",
	primaryClass   = "hep-ex",
	SLACcitation   = "%%CITATION = ARXIV:1610.03597;%%"
}

@inproceedings{Csaki:2016kln,
	author         = "Csáki, Csaba and Tanedo, Philip",
	title          = "{Beyond the Standard Model}",
	booktitle      = "{Proceedings, 2013 European School of High-Energy Physics
	(ESHEP 2013): Paradfurdo, Hungary, June 5-18, 2013}",
	url            = "https://inspirehep.net/record/1422131/files/arXiv:1602.04228.pdf",
	year           = "2015",
	pages          = "169-268",
	doi            = "10.5170/CERN-2015-004.169",
	eprint         = "1602.04228",
	archivePrefix  = "arXiv",
	primaryClass   = "hep-ph",
	reportNumber   = "UCI-TR-2016-01",
	SLACcitation   = "%%CITATION = ARXIV:1602.04228;%%"
}

@article{PhysRev.159.1251,
    author = "Coleman, Sidney R. and Mandula, J.",
    editor = "Zichichi, A.",
    title = "{All Possible Symmetries of the S Matrix}",
    doi = "10.1103/PhysRev.159.1251",
    journal = "Phys. Rev.",
    volume = "159",
    pages = "1251--1256",
    year = "1967"
}

@article{Haag:1974qh,
    author = "Haag, Rudolf and Lopuszanski, Jan T. and Sohnius, Martin",
    title = "{All Possible Generators of Supersymmetries of the s Matrix}",
    reportNumber = "Print-74-1630 (KARLSRUHE)",
    doi = "10.1016/0550-3213(75)90279-5",
    journal = "Nucl. Phys. B",
    volume = "88",
    pages = "257",
    year = "1975"
}

@article{PhysRevLett.32.438,
    author = "Georgi, H. and Glashow, S. L.",
    title = "{Unity of All Elementary Particle Forces}",
    doi = "10.1103/PhysRevLett.32.438",
    journal = "Phys. Rev. Lett.",
    volume = "32",
    pages = "438--441",
    year = "1974"
}

@article{Frezzotti:2016bes,
	author         = "Frezzotti, Roberto and Garofalo, Marco and Rossi,
	Giancarlo",
	title          = "{Nonsupersymmetric model with unification of electroweak
	and strong interactions}",
	journal        = "Phys. Rev.",
	volume         = "D93",
	year           = "2016",
	number         = "10",
	pages          = "105030",
	doi            = "10.1103/PhysRevD.93.105030",
	eprint         = "1602.03684",
	archivePrefix  = "arXiv",
	primaryClass   = "hep-ph",
	SLACcitation   = "%%CITATION = ARXIV:1602.03684;%%"
}

@inproceedings{Bustamante:2009us,
    author = "Bustamante, M. and Cieri, L. and Ellis, John",
    title = "{Beyond the Standard Model for Montaneros}",
    booktitle = "{5th CERN - Latin American School of High-Energy Physics}",
    eprint = "0911.4409",
    archivePrefix = "arXiv",
    primaryClass = "hep-ph",
    reportNumber = "CERN-PH-TH-2009-225",
    month = "11",
    year = "2009"
}

@article{Martin:1997ns,
      author         = "Martin, Stephen P.",
      title          = "{A Supersymmetry Primer}",
      journal 	   = "Adv. Ser. Direct. High Energy Phys.",
      volume	   = "18",
      pages	         = "1",
      year           = "1998",
      doi            = "10.1142/9789812839657_0001, 10.1142/9789814307505_0001",
      eprint         = "hep-ph/9709356",
      archivePrefix  = "arXiv",
      reportNumber   = "FERMILAB-PUB-97-425-T",
      SLACcitation   = "%%CITATION = HEP-PH/9709356;%%"
}

@article{Kolb:1447482,
      author        = "Kolb, Edward W",
      title         = "{Particle Physics Foundations of Dark Matter, Dark Energy,
                       and Inflation (2/3).}",
      month         = "May",
      year          = "2012",
      url           = "http://cds.cern.ch/record/1447482",
}

@article{Clowe:2006eq,
      author         = "Clowe, Douglas and Bradac, Marusa and Gonzalez, Anthony
                        H. and Markevitch, Maxim and Randall, Scott W. and Jones,
                        Christine and Zaritsky, Dennis",
      title          = "{A direct empirical proof of the existence of dark
                        matter}",
      journal        = "Astrophys. J.",
      volume         = "648",
      year           = "2006",
      pages          = "L109-L113",
      doi            = "10.1086/508162",
      eprint         = "astro-ph/0608407",
      archivePrefix  = "arXiv",
      reportNumber   = "SLAC-PUB-12078",
      SLACcitation   = "%%CITATION = ASTRO-PH/0608407;%%"
}

@article{Taylor:1998uk,
    author = "Taylor, A.N. and Dye, S. and Broadhurst, Thomas J. and Benitez, N. and van Kampen, E.",
    title = "{Gravitational lens magnification and the mass of abell 1689}",
    eprint = "astro-ph/9801158",
    archivePrefix = "arXiv",
    doi = "10.1086/305827",
    journal = "Astrophys. J.",
    volume = "501",
    pages = "539",
    year = "1998"
}

@article{Rubin:1970zza,
      author         = "Rubin, Vera C. and Ford, Jr., W. Kent",
      title          = "{Rotation of the Andromeda Nebula from a Spectroscopic
                        Survey of Emission Regions}",
      journal        = "Astrophys. J.",
      volume         = "159",
      year           = "1970",
      pages          = "379-403",
      doi            = "10.1086/150317",
      SLACcitation   = "%%CITATION = ASJOA,159,379;%%"
}

@article{pdg2020,
    author = {{Particle Data Group}},
    title = "{Review of Particle Physics}",
    journal = {{Prog. Theor. Exp. Phys}},
    volume = {2020},
    number = {8},
    year = {2020},
    month = {08},
    issn = {2050-3911},
    doi = {10.1093/ptep/ptaa104},
}

@article{Fukuda:1998mi,
      title          = "{Evidence for oscillation of atmospheric neutrinos}",
      collaboration  = "Super-Kamiokande",
      journal        = "Phys. Rev. Lett.",
      volume         = "81",
      year           = "1998",
      pages          = "1562-1567",
      doi            = "10.1103/PhysRevLett.81.1562",
      eprint         = "hep-ex/9807003",
      archivePrefix  = "arXiv",
      reportNumber   = "BU-98-17, ICRR-REPORT-422-98-18, UCI-98-8,
                        KEK-PREPRINT-98-95, LSU-HEPA-5-98, UMD-98-003, SBHEP-98-5,
                        TKU-PAP-98-06, TIT-HPE-98-09",
      SLACcitation   = "%%CITATION = HEP-EX/9807003;%%"
}

@article{PhysRev.96.191,
    author = "Yang, Chen-Ning and Mills, Robert L.",
    editor = "Hsu, Jong-Ping and Fine, D.",
    title = "{Conservation of Isotopic Spin and Isotopic Gauge Invariance}",
    doi = "10.1103/PhysRev.96.191",
    journal = "Phys. Rev.",
    volume = "96",
    pages = "191--195",
    year = "1954"
}


@article{Roszkowski:2017nbc,
    author = "Roszkowski, Leszek and Sessolo, Enrico Maria and Trojanowski, Sebastian",
    title = "{WIMP dark matter candidates and searches\textemdash{}current status and future prospects}",
    eprint = "1707.06277",
    archivePrefix = "arXiv",
    primaryClass = "hep-ph",
    reportNumber = "UCI-HEP-TR-2017-09, DO-TH-17-15, UCI-HEP-TR-2017-09-",
    doi = "10.1088/1361-6633/aab913",
    journal = "Rept. Prog. Phys.",
    volume = "81",
    number = "6",
    pages = "066201",
    year = "2018"
}


@article{pdg2016,
    author = {{Particle Data Group}},
	title={Review of Particle Physics},
	journal={Chinese Physics C},
	volume={40},
	number={10},
	pages={100001},
	url={http://stacks.iop.org/1674-1137/40/i=10/a=100001},
	year={2016},
}

@article{physics/0503066,
    author = "Noether, Emmy",
    title = "{Invariant Variation Problems}",
    eprint = "physics/0503066",
    archivePrefix = "arXiv",
    doi = "10.1080/00411457108231446",
    journal = "Gott. Nachr.",
    volume = "1918",
    pages = "235--257",
    year = "1918"
}

@book{Peskin:1995ev,
    author = "Peskin, Michael E. and Schroeder, Daniel V.",
    title = "{An Introduction to quantum field theory}",
    isbn = "978-0-201-50397-5",
    publisher = "Addison-Wesley",
    address = "Reading, USA",
    year = "1995"
}

@book{DeGrand:1055545,
      author        = "DeGrand, Thomas and DeTar, Carleton",
      title         = "{Lattice Methods for Quantum Chromodynamics}",
      publisher     = "World Scientific",
      address       = "Singapore",
      year          = "2006",
      doi = "10.1142/6065"
}


@Article{ARNISON1983103,
  Title                    = {Experimental observation of isolated large transverse energy electrons with associated missing energy at s=540 GeV},
  Author                   = {{UA1}},
  Journal                  = {Physics Letters B},
  Year                     = {1983},
  Number                   = {1},
  Pages                    = {103 - 116},
  Volume                   = {122},

  Doi                      = {https://doi.org/10.1016/0370-2693(83)91177-2},
  ISSN                     = {0370-2693},
  Owner                    = {Eric.Schanet},
  Timestamp                = {2018.07.02},
  Url                      = {http://www.sciencedirect.com/science/article/pii/0370269383911772}
}

@Article{BANNER1983476,
  Title                    = {Observation of single isolated electrons of high transverse momentum in events with missing transverse energy at the CERN $pp$ collider},
  Author                   = {{UA2}},
  Journal                  = {Physics Letters B},
  Year                     = {1983},
  Number                   = {5},
  Pages                    = {476 - 485},
  Volume                   = {122},

  Doi                      = {https://doi.org/10.1016/0370-2693(83)91605-2},
  ISSN                     = {0370-2693},
  Owner                    = {Eric.Schanet},
  Timestamp                = {2018.07.02},
  Url                      = {http://www.sciencedirect.com/science/article/pii/0370269383916052}
}

@Article{Strutt587,
  Title                    = {Joseph John Thomson, 1856 - 1940},
  Author                   = {Rayleigh},
  Journal                  = {Obituary Notices of Fellows of the Royal Society},
  Year                     = {1941},
  Number                   = {10},
  Pages                    = {587--609},
  Volume                   = {3},

  Doi                      = {10.1098/rsbm.1941.0024},
  Eprint                   = {http://rsbm.royalsocietypublishing.org/content/3/10/587.full.pdf},
  ISSN                     = {1479-571X},
  Owner                    = {Eric.Schanet},
  Publisher                = {The Royal Society},
  Timestamp                = {2018.07.02},
  Url                      = {http://rsbm.royalsocietypublishing.org/content/3/10/587}
}

@article{Weinberg:1967tq,
      author         = "Weinberg, Steven",
      title          = "{A Model of Leptons}",
      journal        = "Phys. Rev. Lett.",
      volume         = "19",
      year           = "1967",
      pages          = "1264-1266",
      doi            = "10.1103/PhysRevLett.19.1264",
      SLACcitation   = "%%CITATION = PRLTA,19,1264;%%"
}

@book{Griffiths:111880,
      author        = "Griffiths, David J",
      title         = "{Introduction to elementary particles; 2nd rev. version}",
      publisher     = "Wiley",
      address       = "New York, NY",
      series        = "Physics textbook",
      year          = "2008",
      url           = "https://cds.cern.ch/record/111880",
}


@article{WESS197439,
title = "Supergauge transformations in four dimensions",
journal = "Nuclear Physics B",
volume = "70",
number = "1",
pages = "39 - 50",
year = "1974",
issn = "0550-3213",
doi = "https://doi.org/10.1016/0550-3213(74)90355-1",
url = "http://www.sciencedirect.com/science/article/pii/0550321374903551",
author = "J. Wess and B. Zumino",
abstract = "Supergauge transformations are defined in four space-time dimensions. Their commutators are shown to generate γ5 transformations and conformal transformations. Various kinds of multiplets are described and examples of their combinations to new representations are given. The relevance of supergauge transformations for Lagrangian field theory is explained. Finally, the abstract group theoretic structure is discussed."
}

@article{PhysRevD.6.429,
    author = "Georgi, Howard and Glashow, Sheldon L.",
    title = "{Gauge theories without anomalies}",
    reportNumber = "PRINT-72-2263",
    doi = "10.1103/PhysRevD.6.429",
    journal = "Phys. Rev. D",
    volume = "6",
    pages = "429",
    year = "1972"
}

@inproceedings{Ellis:1998eh,
    author = "Ellis, John R.",
    title = "{Beyond the standard model for hill walkers}",
    booktitle = "{1998 European School of High-Energy Physics}",
    eprint = "hep-ph/9812235",
    archivePrefix = "arXiv",
    reportNumber = "CERN-TH-98-329",
    pages = "133--196",
    month = "8",
    year = "1998"
}

@article{Ellis:1983ew,
    author = "Ellis, John R. and Hagelin, J.S. and Nanopoulos, Dimitri V. and Olive, Keith A. and Srednicki, M.",
    editor = "Srednicki, M.A.",
    title = "{Supersymmetric Relics from the Big Bang}",
    reportNumber = "SLAC-PUB-3171",
    doi = "10.1016/0550-3213(84)90461-9",
    journal = "Nucl. Phys. B",
    volume = "238",
    pages = "453--476",
    year = "1984"
}

@article{PhysRevD.58.095002,
  title = {Charginos and neutralinos in the light of radiative corrections: Sealing the fate of Higgsino dark matter},
  author = {Ellis, John and Falk, Toby and Ganis, Gerardo and Olive, Keith A. and Schmitt, Michael},
  journal = {Phys. Rev. D},
  volume = {58},
  issue = {9},
  pages = {095002},
  numpages = {10},
  year = {1998},
  month = {Sep},
  publisher = {American Physical Society},
  doi = {10.1103/PhysRevD.58.095002},
  url = {https://link.aps.org/doi/10.1103/PhysRevD.58.095002}
}

@article{Dimopoulos:1995ju,
    author = "Dimopoulos, Savas and Sutter, David W.",
    title = "{The Supersymmetric flavor problem}",
    eprint = "hep-ph/9504415",
    archivePrefix = "arXiv",
    reportNumber = "SU-ITP-95-9, CERN-TH-95-101",
    doi = "10.1016/0550-3213(95)00421-N",
    journal = "Nucl. Phys. B",
    volume = "452",
    pages = "496--512",
    year = "1995"
}

@article{LAHANAS19871,
    author = "Lahanas, A. B. and Nanopoulos, Dimitri V.",
    title = "{The Road to No Scale Supergravity}",
    reportNumber = "CERN-TH-4400-86",
    doi = "10.1016/0370-1573(87)90034-2",
    journal = "Phys. Rept.",
    volume = "145",
    pages = "1",
    year = "1987"
}

@article{Nilles:1983ge,
    author = "Nilles, Hans Peter",
    title = "{Supersymmetry, Supergravity and Particle Physics}",
    reportNumber = "UGVA-DPT-1983-12-412",
    doi = "10.1016/0370-1573(84)90008-5",
    journal = "Phys. Rept.",
    volume = "110",
    pages = "1--162",
    year = "1984"
}

@Article{ref1,
title={Book Review: The Quantum Theory of Fields, Volume III: Supersymmetry. Steven Weinberg. Cambridge University Press, New York, New York, 2000, vii-xxii+1-419, 849.95 (hardcover).},
journal={Foundations of Physics},
year={2000},
month={Jul},
day={01},
volume={30},
number={7},
pages={1131-1133},
issn={1572-9516},
doi={10.1023/A:1017244005639},
url={https://doi.org/10.1023/A:1017244005639}
}

@article{Chung:704268,
      author        = "Chung, D J H and Everett, L L and Kane, G L and King, S F
                       and Lykken, J and Wang, L T",
      title         = "{The Soft Supersymmetry-Breaking Lagrangian: Theory and
                       Applications}",
      journal       = "Phys. Rep.",
      number        = "hep-ph/0312378. CERN-TH-2003-182. FERMILAB-Pub-2003-228-T.
                       MCTP-2003-39. SHEP-2003-25",
      volume        = "407",
      pages         = "1-203. 273 p",
      month         = "Dec",
      year          = "2003",
      reportNumber  = "hep-ph/0312378",
      url           = "https://cds.cern.ch/record/704268",
      note          = "Comments: 273 pages; 35 figures; submitted to Physics
                       Reports",
      doi           = "10.1016/j.physrep.2004.08.032",
}

@article{Feng:2003xh,
    author = "Feng, Jonathan L. and Rajaraman, Arvind and Takayama, Fumihiro",
    title = "{Superweakly interacting massive particles}",
    eprint = "hep-ph/0302215",
    archivePrefix = "arXiv",
    reportNumber = "UCI-TR-2003-6",
    doi = "10.1103/PhysRevLett.91.011302",
    journal = "Phys. Rev. Lett.",
    volume = "91",
    pages = "011302",
    year = "2003"
}

@article{Mori:2016vwi,
    collaboration = "MEG",
    title = "{Final Results of the MEG Experiment}",
    eprint = "1606.08168",
    archivePrefix = "arXiv",
    primaryClass = "hep-ex",
    doi = "10.1393/ncc/i2016-16325-7",
    journal = "Nuovo Cim. C",
    volume = "39",
    number = "4",
    pages = "325",
    year = "2017"
}

@article{Djouadi:2002ze,
    author = "Djouadi, Abdelhak and Kneur, Jean-Loic and Moultaka, Gilbert",
    title = "{SuSpect: A Fortran code for the supersymmetric and Higgs particle spectrum in the MSSM}",
    eprint = "hep-ph/0211331",
    archivePrefix = "arXiv",
    reportNumber = "PM-02-39, CERN-TH-2002-325",
    doi = "10.1016/j.cpc.2006.11.009",
    journal = "Comput. Phys. Commun.",
    volume = "176",
    pages = "426--455",
    year = "2007"
}

@article{Alves:2011sq,
    author = "Alves, Daniele S.M. and Izaguirre, Eder and Wacker, Jay G.",
    title = "{Where the Sidewalk Ends: Jets and Missing Energy Search Strategies for the 7 TeV LHC}",
    eprint = "1102.5338",
    archivePrefix = "arXiv",
    primaryClass = "hep-ph",
    reportNumber = "SLAC-PUB-14475",
    doi = "10.1007/JHEP10(2011)012",
    journal = "JHEP",
    volume = "10",
    pages = "012",
    year = "2011"
}

@article{Ambrogi:2017lov,
    author = "Ambrogi, Federico and Kraml, Sabine and Kulkarni, Suchita and Laa, Ursula and Lessa, Andre and Waltenberger, Wolfgang",
    title = "{On the coverage of the pMSSM by simplified model results}",
    eprint = "1707.09036",
    archivePrefix = "arXiv",
    primaryClass = "hep-ph",
    reportNumber = "HEPHY-PUB-990-17",
    doi = "10.1140/epjc/s10052-018-5660-0",
    journal = "Eur. Phys. J. C",
    volume = "78",
    number = "3",
    pages = "215",
    year = "2018"
}

@article{Buchmueller:2013exa,
    author = "Buchmueller, O. and Marrouche, J.",
    title = "{Universal mass limits on gluino and third-generation squarks in the context of Natural-like SUSY spectra}",
    eprint = "1304.2185",
    archivePrefix = "arXiv",
    primaryClass = "hep-ph",
    doi = "10.1142/S0217751X14500328",
    journal = "Int. J. Mod. Phys. A",
    volume = "29",
    number = "06",
    pages = "1450032",
    year = "2014"
}

@article{Aaboud:2016wna,
    collaboration = "ATLAS",
    title = "{Dark matter interpretations of ATLAS searches for the electroweak production of supersymmetric particles in $ \sqrt{s}=8 $ TeV proton-proton collisions}",
    eprint = "1608.00872",
    archivePrefix = "arXiv",
    primaryClass = "hep-ex",
    reportNumber = "CERN-EP-2016-165",
    doi = "10.1007/JHEP09(2016)175",
    journal = "JHEP",
    volume = "09",
    pages = "175",
    year = "2016"
}

@misc{ATLASsummary,
  collaboration = "ATLAS",
  title = {{Mass reach of the ATLAS searches for Supersymmetry}},
  year = {2020},
  howpublished = {\url{https://atlas.web.cern.ch/Atlas/GROUPS/PHYSICS/PUBNOTES/ATL-PHYS-PUB-2020-020/fig_23.png}},
}

@misc{CMSsummary,
  collaboration = "CMS",
  title = "{Summary plot Moriond 2017}",
  year = {2017},
  howpublished = {\url{https://twiki.cern.ch/twiki/pub/CMSPublic/SUSYSummary2017/Moriond2017_BarPlot.pdf}},
}

@misc{lep_susy_results,
  author = "{LEP2 SUSY WG, ALEPH, DELPHI, L3 and OPAL experiments,}",
  title = {{Combined LEP results}},
  year = {2004},
  howpublished = {\url{http://lepsusy.web.cern.ch/lepsusy/}},
  note = {Accessed: 2021-02-11}
}


% -------------- INTRO -----------------

@article{14TeV:2016zeh,
      author         = "Slawinska, M.",
      title          = "{High-luminosity LHC prospects with the upgraded ATLAS
                        detector}",
      booktitle      = "{Proceedings, 24th International Workshop on
                        Deep-Inelastic Scattering and Related Subjects (DIS 2016):
                        Hamburg, Germany, April 11-15, 2016}",
      journal        = "PoS",
      volume         = "DIS2016",
      year           = "2016",
      pages          = "266",
      doi            = "10.22323/1.265.0266",
      eprint         = "1609.08434",
      archivePrefix  = "arXiv",
      primaryClass   = "hep-ex",
      reportNumber   = "ATL-PHYS-PROC-2016-152",
      SLACcitation   = "%%CITATION = ARXIV:1609.08434;%%"
}



@article{SUSY1:1971ji,
      author         = "Gervais, Jean-Loup and Sakita, B.",
      title          = "{Field Theory Interpretation of Supergauges in Dual
                        Models}",
      journal        = "Nucl. Phys.",
      volume         = "B34",
      year           = "1971",
      pages          = "632-639",
      doi            = "10.1016/0550-3213(71)90351-8",
      note           = "[,154(1971)]",
      SLACcitation   = "%%CITATION = NUPHA,B34,632;%%"
}



