% This file was created with JabRef 2.10.
% Encoding: UTF-8


%@article{yaml,
%	author  = "ATLAS",
%	title         = "{The High-Luminosity LHC}",
%	month         = "March",
%	year          = "2019",
%	url           = "https://yaml.org/spec/1.2/spec.html",
%	note          = {Accessed: 2021-04-09},
%}

@articles{schedule,
	author  = "{CERN}",
	title         = "{New schedule for CERN’s accelerators and experiments}",
	month         = "November",
	year          = "2020",
	url           = "https://home.cern/news/news/accelerators/new-schedule-cerns-accelerators-and-experiments",
	note          = {Accessed: 2021-03-12},
}

@article{HL-LHC,
	collaboration  = "ATLAS",
	title         = "{The High-Luminosity LHC}",
	month         = "March",
	year          = "2015",
	url           = "https://home.cern/topics/high-luminosity-lhc",
	note          = {Accessed: 2018-07-12},
}


@article{peak_lumi,
	author  = "{CERN}",
	title         = "{First beam in the LHC - accelerating science}",
	month         = "September",
	year          = "2008",
	url           = "https://home.cern/news/news/accelerators/record-luminosity-well-done-lhc",
	note          = {Accessed: 2021-01-10},
}

@article{startup,
	author  = "{CERN}",
	title         = "{New schedule for CERN’s accelerators and experiments}",
	month         = "November",
	year          = "2020",
	url           = "https://home.cern/news/press-release/cern/first-beam-lhc-accelerating-science",
	note          = {Accessed: 2021-01-10},
}

@article{run3,
	author  = "{CERN}",
	title         = "{Record luminosity: well done LHC}",
	month         = "November",
	year          = "2017",
	url           = "https://home.cern/news/news/accelerators/new-schedule-cerns-accelerators-and-experiments",
	note          = {Accessed: 2021-01-10},
}


@article{ATLAS:Run1,
	collaboration  = "ATLAS",
	title         = "{ATLAS Public Results - Luminosity Public Results Run 1}",
	month         = "May",
	year          = "2018",
	url           = "https://twiki.cern.ch/twiki/bin/view/AtlasPublic/LuminosityPublicResults",
	note          = {Accessed: 2021-01-17},
}

@article{ATLAS:Run2,
	collaboration  = "ATLAS",
	title         = "{ATLAS Public Results - Luminosity Public Results Run 2}",
	month         = "Jul",
	year          = "2020",
	url           = "https://twiki.cern.ch/twiki/bin/view/AtlasPublic/LuminosityPublicResultsRun2",
	note          = {Accessed: 2021-01-17},
}

@article{Mobs:2684277,
      author        = "Mobs, Esma",
      title         = "{The CERN accelerator complex - 2019. Complexe des
                       accélérateurs du CERN - 2019}",
      month         = "Jul",
      year          = "2019",
      reportNumber  = "CERN-GRAPHICS-2019-002",
      url           = "https://cds.cern.ch/record/2684277",
      note          = "General Photo",
}


@misc{Pequenao:1505342,
	author        = "Joao Pequenao and Paul Schaffner",
	title         = "{A computer generated image representing how ATLAS
	detects particles}",
	month         = "Jan",
	year          = "2013",
	reportNumber  = "CERN-EX-1301009",
	url           = "https://cds.cern.ch/record/1505342",
}

@unpublished{CERN-Brochure-2017-002-Eng,
	author		= "CERN",
	title         = "{LHC Guide}",
	month         = "Mar",
	year          = "2017",
	reportNumber  = "CERN-Brochure-2017-002-Eng",
	url           = "http://cds.cern.ch/record/2255762",
}

@misc{planck,
  author = {{Planck Mission}},
  title = {Cosmic Microwave Background},
  year = {2013},
  month = {March},
  howpublished = {\url{http://planck.cf.ac.uk/results/cosmic-microwave-background}},
  note = {Accessed: 2018-07-06}
}

@misc{About:1997225,
	author		= "CERN",
	title         = {{About CERN}},
	url           = "https://home.cern/about",
	note = {Accessed: 2021-01-21}
}

@misc{Pequenao:1095924,
	author        = "Joao Pequenao",
	title         = "{Computer generated image of the whole ATLAS detector}",
	month         = "Mar",
	year          = "2008",
	reportNumber  = "CERN-GE-0803012",
	url           = "https://cds.cern.ch/record/1095924",
}

@misc{Pequenao:1095929,
      author        = "Joao Pequenao",
      title         = "{Computer generated image of the ATLAS Muons subsystem}",
      month         = "Mar",
      year          = "2008",
      reportNumber  = "CERN-GE-0803017",
      url           = "https://cds.cern.ch/record/1095929",
}


@misc{Pequenao:1095927,
      author        = "Joao Pequenao",
      title         = "{Computer Generated image of the ATLAS calorimeter}",
      month         = "Mar",
      year          = "2008",
      reportNumber  = "CERN-GE-0803015",
      url           = "https://cds.cern.ch/record/1095927",
}
